3000 4450
644 214 759 296 ..43
796 268 832 280 ..

209 410 305 464 riodus
335 407 497 462 absolvitur.
537 408 602 461 Iure
631 407 717 477 igitur
740 407 854 473 Wuest‚
880 420 1050 475 quamquam
1078 423 1174 460 omncs
1200 406 1264 460 illas

211 502 353 557 clausulas
373 502 553 568 enumeravit,
575 508 668 555 tamen
689 500 732 562 iis,
753 514 826 568 quae
846 507 940 554 essent
959 506 1024 552 aute
1037 508 1179 569 punctum,
1200 500 1264 567 plus

211 595 390 649 tribuendum
412 594 527 663 putarit.
569 594 623 647 Sed
645 594 699 648 hoc
719 611 777 647 non
797 608 849 662 prr
868 600 955 647 totam
975 594 1166 661 quaestionem
1187 592 1265 654 fecit,

212 691 261 745 sed
282 687 326 742 hic
346 687 410 740 illio.

288 781 340 835 His
361 781 452 834 causis
473 763 629 834 courruotus
649 794 702 848 ego
723 779 752 831 in
772 779 850 833 initio
871 778 1042 848 quaestionis
1057 795 1144 844 meae,
1166 777 1264 831 utiam

212 889 298 945 supra
318 874 392 939 dixi,
417 890 475 926 rem
495 873 536 924 ita
555 871 676 933 institui,
701 879 732 924 ut
752 888 801 924 eas
819 879 930 926 tautum
951 871 1091 925 clausulae
1111 878 1265 932 enotarem,

213 980 287 1038 quae
307 975 399 1020 essent
420 973 487 1018 ante
507 964 625 1017 maiores
646 976 757 1031 pausas.
798 965 861 1030 Qua
880 964 908 1016 in
929 981 959 1016 re
979 964 1129 1017 editionem
1144 962 1266 1016 Halmio·

212 1077 278 1114 nam
297 1066 411 1113 secutus
431 1075 501 1124 sum,
522 1057 561 1110 ita
582 1064 620 1122 ut,
641 1057 689 1110 ubi
709 1058 738 1110 in
759 1057 809 1111 illa
826 1064 962 1125 punctum
982 1057 1103 1123 positum
1124 1063 1207 1123 esset,
1225 1056 1266 1108 in-

213 1153 348 1207 sisterem.
390 1151 437 1205 Sic
456 1152 484 1204 in
506 1150 662 1203 universum
683 1148 826 1204 Ciceronis
852 1149 1070 1204 consuetudines
1094 1164 1266 1217 cognoscere

211 1244 326 1303 licebat
367 1243 421 1297 Sed
442 1243 574 1311 quoniam
595 1243 672 1310 leges
697 1249 822 1310 nostras,
847 1257 918 1312 quas
941 1243 1109 1302 invenimus,
1133 1243 1190 1294 iam
1214 1254 1267 1309 per

214 1355 246 1391 se
265 1344 323 1391 tam
344 1335 459 1389 stabiles
478 1343 563 1403 atque
583 1333 676 1389 firmas
697 1353 759 1387 esse
778 1343 858 1402 putu,
879 1342 910 1389 ut
929 1336 1003 1388 illius
1018 1334 1152 1389 orationis
1166 1332 1267 1387 funda·

216 1437 310 1483 mento
330 1429 385 1482 iam
405 1444 461 1481 non
487 1428 643 1497 indigeant,
667 1427 732 1482 licet
760 1428 846 1496 paulo
872 1428 983 1497 longius
1004 1427 1218 1508 progrediamur
1238 1432 1267 1479 et

214 1523 268 1592 ipsi
288 1521 503 1588 constituemus,
529 1519 577 1574 ubi
598 1519 696 1575 Cicero
721 1520 876 1575 clausulam
906 1521 1061 1589 legitimam
1080 1519 1267 1573 necessariam

111 1602 113 1613 .
153 1655 160 1669 κ
214 1616 365 1683 censuerit,
386 1615 434 1668 ubi
455 1614 595 1682 putaverit
613 1613 690 1667 lllam
709 1614 823 1683 neglegi
843 1614 937 1668 licere,
977 1612 1038 1678 Qua
1059 1613 1085 1665 iu
1101 1613 1267 1681 quaestione

212 1708 334 1762 vicissim
354 1707 529 1777 rhythmicae
548 1714 661 1761 nostrae
681 1706 759 1775 leges
779 1705 1039 1765 observationibus,
1064 1718 1138 1773 quae
1162 1706 1198 1758 ad
1219 1719 1268 1773 pe·

213 1801 309 1855 riodos
330 1801 493 1853 dividendas
513 1800 662 1868 pertinent,
683 1799 899 1864 adiuvabuntur,
919 1806 948 1852 et
967 1806 1076 1853 contra.

291 1895 335 1948 Ac
355 1893 475 1961 primum
495 1893 606 1961 quidem
633 1891 687 1945 hoc
712 1893 741 1946 in
767 1901 858 1947 mente
883 1893 1052 1946 retineamus
1076 1908 1190 1943 necesse
1215 1897 1267 1945 est.

218 1986 315 2040 Omnis
336 1985 475 2050 clausula,
498 1994 527 2038 ut
548 1983 658 2039 efficiat
678 1984 798 2053 aliquid,
826 2003 888 2039 cum
910 1985 1031 2039 elatione
1051 1986 1172 2053 quadam
1193 1981 1267 2037 vocis

139 2134 143 2137 .
217 2087 303 2149 atque
323 2095 424 2148 magna
445 2094 506 2130 oum
526 2078 553 2132 vi
573 2084 602 2130 et
621 2078 759 2146 gravitate
779 2078 989 2145 pronuntianda
1009 2082 1064 2138 est;
1090 2078 1171 2131 aliter
1194 2076 1267 2130 enim

215 2171 254 2227 ab
274 2171 452 2225 audientibus
473 2171 520 2224 vix
538 2176 630 2240 potest
650 2170 767 2239 percipi.
808 2171 895 2240 Atqui
916 2179 981 2224 sunt
1002 2172 1138 2241 quaedam
1159 2177 1268 2224 senten·

214 2266 313 2332 tiolae,
339 2278 457 2333 quarum
476 2265 539 2332 ipsa
559 2271 660 2318 natura
679 2265 825 2332 probibet,
851 2266 999 2333 quominus
1023 2265 1072 2318 tali
1101 2266 1182 2319 modo
1204 2275 1268 2333 pro·

214 2360 386 2413 nuntientur.
420 2357 580 2411 Ridiculum
600 2356 673 2410 enim
693 2364 776 2418 esset,
797 2358 820 2410 si
841 2357 868 2410 iu
889 2358 931 2411 bis
952 2365 1047 2411 orator
1066 2358 1164 2412 eadem
1179 2358 1268 2426 gravi-

212 2458 272 2507 tate
292 2452 332 2504 uti
356 2451 451 2517 vellet,
477 2464 533 2518 qua
553 2450 580 2503 in
603 2447 772 2520 longissimis
785 2450 908 2517 periodis
923 2458 1007 2518 atque
1021 2450 1266 2507 artificiosissimis.

218 2543 257 2598 Et
275 2560 372 2596 revera
393 2543 529 2606 ridemus,
549 2545 620 2597 tales
640 2544 822 2598 sententiolas
841 2551 899 2597 tam
920 2558 1005 2613 saepe
1026 2562 1141 2599 numero
1162 2559 1267 2611 carere,

219 2642 250 2691 ut
271 2635 431 2704 ubicunque
450 2636 525 2690 insta
544 2636 672 2690 clausula
690 2635 719 2688 in
744 2636 778 2689 iis
802 2637 941 2702 cernitur,
967 2627 1121 2705 putandum
1146 2638 1181 2690 sit
1207 2653 1269 2690 eam

217 2747 269 2784 sua
294 2736 395 2799 sponte
422 2748 453 2783 sc
483 2729 625 2783 obtulisse.
664 2728 756 2782 Huius
785 2732 897 2798 generis
926 2738 1008 2785 erant
1036 2748 1088 2783 eae
1118 2728 1269 2796 clausulae,

218 2836 288 2891 quas
309 2823 530 2878 enumeravimus
550 2835 636 2891 supra
654 2836 682 2891 p.
704 2823 750 2877 51.
792 2822 935 2891 Sufficiet,
957 2823 1070 2893 opinor,
1095 2824 1118 2877 si
1139 2822 1193 2875 huc
1213 2821 1271 2875 adi·

218 2916 322 2969 ciemus
345 2917 490 2984 exempla,
515 2929 588 2984 quae
611 2922 795 2970 occurrerunt
818 2918 885 2971 mibi
910 2916 1093 2986 perlustranti
1114 2916 1274 2970 Roscianae

218 3008 462 3077 duodesexaginta
480 3009 673 3077 paragraphus
694 3006 809 3077 primas.

371 3102 385 3155 I
406 3104 435 3156 l:
456 3100 579 3155 Minime.

370 3191 414 3249 XI
434 3195 485 3249 30:
508 3193 624 3247 Desunt.

422 3287 473 3341 32:
494 3286 567 3353 Quid
589 3288 670 3340 vultis
689 3285 829 3355 amplius?

370 3376 441 3434 XIV
461 3380 510 3435 402
530 3380 620 3445 Quam
640 3377 678 3433 ob
698 3381 830 3434 causam?

369 3469 470 3527 XVIII
489 3472 538 3527 52:
561 3472 701 3541 Numquid
722 3480 765 3527 est
785 3473 880 3527 aliud?

369 3561 442 3619 XIX
462 3565 513 3618 54:
534 3565 624 3630 Quom
652 3564 689 3619 ob
710 3566 842 3620 causam?
862 3593 895 3604 -
921 3564 1031 3619 Nescio.
1054 3590 1089 3601 -
1109 3565 1270 3620 Exhereda-

424 3650 522 3713 vitne‘?
543 3684 577 3693 -
599 3656 671 3712 Non.
686 3686 723 3694 —
744 3659 813 3724 Quis
827 3658 991 3727 prohibuit?
1004 3684 1041 3695 -
1057 3658 1214 3727 cogitabat.
1231 3684 1268 3695 -

420 3750 473 3806 Cui
492 3752 583 3808 dixit?
604 3784 638 3795 -
660 3752 779 3805 Nemini.

368 3839 442 3899 XXI
461 3847 511 3900 58:
533 3845 653 3901 Planum
674 3844 728 3900 fac.

289 3932 335 3989 Ex
354 3936 451 3990 mdem
471 3954 559 3994 causa
577 3940 660 3993 etiam
680 3936 723 4004 fit,
747 3944 778 3992 ut
804 3938 832 3990 in
853 3937 1030 4006 narratione,
1057 3938 1222 4009 praesertim
1243 3939 1267 3993 si

212 4040 248 4080 aa
272 4034 314 4081 est
334 4027 489 4097 incitatior,
516 4041 602 4100 quam
625 4039 655 4086 ut
678 4031 780 4087 multas
805 4039 833 4085 et
853 4047 970 4100 magnas
994 4044 1098 4099 pausas
1123 4032 1264 4100 admittat,
