3000 4450
697 206 883 271 ,52-

264 401 427 440 concursum
449 383 647 438 studiosissime
663 379 774 454 fugior)
808 381 911 453 Atque,
933 383 1006 452 quod
1021 380 1166 434 marimum
1182 387 1232 445 est,
1254 401 1318 436 cum

268 478 364 532 Cicero
385 478 411 530 in
433 477 529 532 formis
549 478 599 531 AI
620 484 647 535 et
668 476 732 531 All
752 485 808 530 tam
835 475 933 530 crebro
958 491 1067 544 paeane
1091 482 1226 544 uteretur,
1250 478 1321 531 nihil

266 571 412 636 obstabat,
441 571 587 642 quominus
612 571 729 625 eundem
754 571 852 639 pedem
879 572 976 622 eadem
1001 567 1137 622 felicitate
1163 569 1190 622 in
1211 571 1320 640 periodi

267 662 323 717 fine
338 670 471 733 poneret;
492 681 528 718 an
543 670 624 733 putas
640 680 709 733 ,esse
723 658 856 718 videatur‘
878 664 969 716 minus
983 679 1066 732 quam
1087 669 1181 732 ,atque
1195 663 1321 718 redeunt‘
1391 696 1393 699 -

266 775 393 828 pugnare
414 776 476 811 cum
496 758 589 811 indole
609 758 723 827 linguae
742 758 884 812 Latinae?

344 850 452 905 Deinde
466 852 567 905 Wuest
587 858 685 921 captos
706 855 749 904 est
769 851 818 907 illa
837 850 944 919 regula,
965 849 1000 903 de
1021 866 1077 920 qua
1094 851 1321 919 supradiximus,

267 946 419 1000 secundum
440 963 523 1016 quam
539 961 667 998 versuum
681 945 763 998 initia
777 961 831 1013 pon
848 943 1015 997 conveniunt
1029 943 1164 996 orationis
1179 944 1320 999 clausulis.

269 1038 338 1094 Cum
362 1040 431 1092 haec
455 1036 553 1108 regdla
578 1044 685 1107 pugnet
714 1054 778 1091 cum
808 1035 1039 1106 frequentissimis
1069 1036 1217 1103 clausulis,
1248 1055 1321 1108 quae

271 1132 396 1187 Ciceroni
417 1149 480 1185 cum
500 1130 610 1185 Catullo
632 1146 791 1185 communes
813 1137 885 1196 sunt,
906 1130 1008 1182 Woest
1027 1129 1219 1183 demonstrare
1239 1147 1340 1184 cona-ff

189 1274 192 1279 .
269 1234 328 1293 tur,
355 1243 416 1278 esse
437 1226 572 1295 quasdam
594 1224 796 1293 discrepantias
817 1224 889 1276 inter
910 1222 1052 1277 Ciceronis
1073 1230 1101 1275 et
1123 1222 1224 1275 Catulli
1248 1225 1323 1279 clau·

269 1320 359 1382 sulas;
381 1320 429 1372 sed
451 1317 556 1372 frustra
575 1303 696 1383 laborat,
718 1333 808 1387 neque
830 1323 872 1369 est
892 1317 1070 1384 credendum,
1091 1314 1255 1371 Ciceronem
1269 1315 1322 1371 Ca-

268 1413 329 1467 tulli
350 1414 392 1466 vel
415 1413 531 1467 aliorum
551 1419 697 1480 poetarum
718 1429 798 1464 usum
819 1409 984 1480 respexisse.

347 1506 487 1560 Maximus
508 1511 602 1557 autem
617 1522 694 1558 error
708 1504 828 1558 Wuestii
842 1504 888 1556 hie
902 1509 952 1569 est,
974 1503 1048 1572 quod
1063 1509 1144 1573 putat
1158 1502 1322 1559 Ciceronem

269 1599 297 1652 in
324 1597 453 1652 omnibus
478 1597 537 1650 fere
560 1596 644 1650 rebus
670 1596 706 1651 ab
731 1596 883 1650 Aristotele
907 1597 1038 1666 pendere.
1080 1596 1153 1651 Sunt
1178 1604 1273 1651 autem
1295 1608 1324 1654 et

269 1691 445 1747 differentiae
465 1691 539 1744 inter
559 1708 607 1744 eos
627 1691 775 1757 maximae,
797 1696 826 1743 ct
845 1674 958 1743 omniuo
982 1689 1079 1743 Cicero
1101 1690 1250 1744 Aristoteli
1265 1709 1321 1746 non
1373 1694 1376 1697 ‘

270 1791 376 1839 tantam
397 1800 510 1854 operam
531 1784 621 1853 dedit,
649 1791 783 1855 quantam
807 1783 867 1852 ipse
892 1800 922 1835 se
947 1783 1057 1836 dedisse
1078 1781 1235 1854 profitetur.
1275 1787 1321 1839 An

270 1885 354 1949 potas
374 1879 450 1931 hunc
470 1878 523 1931 iam
546 1894 579 1931 eo
599 1883 735 1948 tempore,
756 1895 811 1948 quo
828 1877 995 1930 Roscianam
1015 1875 1141 1945 haberet,
1161 1878 1322 1933 Aristotelis

269 1972 427 2042 praeceptis
448 1971 584 2026 imbutum
605 1970 711 2027 fuisse?
732 1970 818 2040 Atqui
838 1972 892 2023 hoe
911 1970 992 2023 nobis
1013 1970 1182 2024 credendum
1196 1978 1277 2040 esset,
1298 1972 1322 2024 si

271 2064 427 2119 Wuestium
453 2064 531 2134 sequi
555 2065 700 2131 vellemus,
727 2065 858 2133 quoniam
882 2063 1022 2117 Rosciana
1050 2064 1163 2117 eosdem
1193 2078 1321 2138 numeros

271 2156 359 2211 habet
378 2174 448 2228 quos
471 2165 582 2212 ceterae
603 2158 753 2212 orationes.

348 2252 418 2306 Mihi
437 2258 536 2306 contra
555 2253 676 2318 videtur,
703 2251 725 2304 si
752 2250 814 2320 quis
840 2250 949 2304 ratione
976 2266 1009 2304 ac
1030 2250 1075 2303 via
1094 2267 1228 2320 quaerere
1248 2244 1322 2318 velit,

270 2344 297 2398 ci
317 2344 344 2397 in
367 2361 415 2397 eos
434 2344 564 2399 doctores
584 2344 705 2399 animum
726 2345 923 2398 advertendum
944 2360 1013 2411 esse,
1034 2360 1052 2397 a
1065 2343 1167 2413 quibus
1180 2344 1208 2397 in
1223 2345 1322 2398 ceteris

271 2437 355 2507 rebus
383 2437 478 2492 Cicero
506 2438 646 2492 institutus
674 2444 727 2500 est;
752 2444 818 2490 sunt
842 2442 935 2490 autem
964 2435 992 2488 hi
1018 2442 1144 2490 oratores
1169 2437 1268 2491 Asiani
1293 2445 1322 2491 et

272 2530 382 2597 Rhodii,
403 2530 504 2604 quibus
524 2537 659 2601 quantum
677 2531 773 2584 Cicero
796 2530 906 2593 debeat,
926 2546 983 2584 non
1004 2535 1061 2583 tam
1082 2530 1215 2598 exipsius
1230 2530 1322 2584 verbis

272 2624 403 2692 cognosci
421 2631 515 2693 potest
535 2641 619 2694 quam
639 2642 676 2678 ex
695 2625 793 2679 horum
814 2632 955 2679 oratorum
976 2629 1060 2693 atque
1082 2622 1323 2679 Ciceronianarum

273 2716 429 2770 orationum
451 2716 578 2786 diligenti
598 2718 816 2788 comparatione.
857 2717 927 2772 Nam
949 2718 1045 2782 inille
1066 2717 1177 2788 quidem
1197 2716 1327 2773 Ciceroni

272 2808 343 2863 fides
370 2827 425 2862 non
451 2816 493 2863 est
518 2810 661 2878 habenda,
687 2812 762 2881 quod
787 2812 856 2865 dicit
875 2811 984 2865 Atticos
1004 2800 1057 2866 sibi
1078 2812 1230 2881 exemplari
1254 2831 1324 2882 esse,
1393 2863 1394 2866 ,

273 2920 335 2957 cum
365 2908 426 2957 toto
457 2920 560 2972 genere
590 2905 701 2958 dicendi
726 2906 762 2959 sit
784 2905 822 2959 ab
846 2905 879 2958 iis
904 2904 1117 2970 diversissimum
1142 2906 1225 2960 immo
1248 2914 1326 2961 recte

272 2997 465 3051 iudicaverunt
485 2997 504 3051 ii
521 2998 594 3052 inter
608 2999 748 3069 aequales,
770 2997 920 3068 dequibus
936 2997 1048 3052 Tacitus
1070 2996 1146 3064 (dial.
1163 2992 1211 3069 18)
1224 2999 1325 3054 refert:

273 3090 368 3158 „Satis
390 3097 499 3144 constat
520 3110 554 3143 ne
571 3092 697 3145 Ciceroni
719 3093 831 3162 quidem
852 3091 1057 3146 obtrectatores
1069 3091 1202 3160 defuisse,
1223 3092 1325 3164 quibus

273 3183 405 3251 „inflatus
426 3189 454 3235 et
473 3190 582 3237 tumens
603 3203 655 3264 nec
676 3185 742 3239 satis
757 3202 879 3254 pressuS,
900 3187 949 3238 sed
962 3202 1045 3255 supra
1060 3187 1172 3240 modum
1185 3187 1326 3241 exsultans

272 3282 320 3345 „et
340 3275 513 3345 superfluens
534 3284 562 3329 et
581 3295 678 3346 parum
699 3278 810 3332 Atticus
830 3272 1027 3346 videretur.“2)

350 3369 503 3438 Postquam
534 3369 628 3424 Attica
657 3372 819 3441 eloquentia
849 3372 927 3426 senio
957 3370 1088 3426 confecta
1117 3379 1244 3428 emortua
1273 3380 1325 3443 est,

274 3445 411 3514 Hegesias
431 3445 559 3514 Magnes,
581 3446 749 3501 Asianorum
764 3450 902 3519 princeps,
924 3465 1011 3502 noras
1036 3445 1199 3528 ληκύθους
1220 3450 1328 3505 invenit

276 3550 380 3606 easque
401 3538 524 3592 diversas
545 3538 581 3594 ab
602 3541 767 3595 Atticorum
781 3549 849 3597 arte.
884 3542 962 3608 Quae
976 3545 1071 3609 quales
1085 3543 1197 3612 fuerint,
1219 3543 1326 3598 anullo

277 3638 399 3685 veterum
428 3633 530 3686 diserte
556 3633 663 3689 dicitur.
704 3636 758 3690 Sed
784 3642 882 3690 extant
908 3636 1049 3706 Hegesiae
1072 3638 1231 3709 fragmenta
1260 3639 1329 3693 satis

343 3853 366 3922 1)
384 3852 423 3907 Cl.
443 3853 530 3923 BlasS,
542 3854 592 3908 Die
602 3856 718 3910 attische
728 3856 942 3926 Bercdsamlseit,
954 3858 1004 3911 Ill.
1015 3859 1056 3912 Bd
1067 3900 1073 3924 ‚
1086 3862 1108 3914 l.
1118 3860 1158 3913 Th
1168 3904 1176 3929 ,
1187 3861 1213 3914 S.
1225 3862 1258 3915 99
1266 3877 1328 3930 sqq.

283 3972 284 3975 =
344 3938 367 4006 a)
386 3937 425 3991 Cf.
444 3939 526 3992 etiam
538 3939 626 4003 Blass,
645 3940 696 3995 Die
709 3941 877 4010 griechische
890 3943 1094 4001 Beredsamlrcit
1106 3962 1157 4010 von
1171 3945 1326 4000 Alexander

276 4021 319 4074 bis
338 4023 386 4076 aui
401 4026 548 4093 Augustus.
567 4025 679 4095 Leipzig
697 4027 772 4093 1865,
790 4027 816 4081 S.
837 4028 886 4082 127
904 4043 944 4095 sq.
