3000 4450
629 232 834 299 -31-'

188 405 276 462 debat
294 408 374 462 locus
395 405 443 476 qui
472 411 514 458 est
544 412 615 459 orat.
646 405 713 472 214,
741 404 792 460 ubi
821 403 999 475 improbatur
1022 404 1164 464 clausula:
1195 407 1246 467 filii

189 499 345 561 temeritas:
367 515 433 554 nam
453 497 603 568 legendum
621 503 667 552 est
687 497 748 553 siue
768 497 869 553 dubio:
890 493 931 551 fili
952 497 1103 566 temeritas,
1122 499 1151 553 id
1172 504 1248 572 quod

191 571 289 649 revera
314 608 332 646 a
357 589 502 652 Ciceronis
528 589 733 645 consuetudine
763 591 886 646 alienum
913 597 964 644 est.
1005 590 1105 661 Itaque
1134 592 1164 647 in
1193 594 1249 652 boc

192 685 321 756 exemplo
342 699 398 738 non
419 689 476 739 tam
496 699 587 754 paean
607 688 659 753 per
676 700 706 737 sc
720 682 780 754 ipse
794 682 960 739 Ciceronem
974 682 1102 753 offendit,
1122 691 1154 739 ut
1166 695 1249 758 putat

190 779 292 833 Wuest
312 772 353 848 (p.
374 775 433 846 49),
453 779 503 832 sed
516 793 608 848 paean
622 776 707 832 semel
721 778 829 848 positus
844 777 922 832 nullo
936 776 1039 832 cretico
1054 781 1247 839 antecedente.

266 870 378 926 Deinde
398 873 422 925 si
442 871 583 928 clausulas
604 869 818 934 choriambicas.
840 889 913 942 quae
933 887 990 926 non
1011 870 1050 925 ita
1069 889 1152 928 rarae
1172 882 1246 944 sunt,

189 964 349 1023 accuratius
368 963 545 1034 inspicimus,
573 963 698 1039 uidemus
723 963 855 1021 basiare
875 981 972 1018 omnes
991 963 1032 1018 ita
1056 964 1246 1024 conformatas

188 1074 264 1125 esse,
288 1062 320 1111 ut
347 1055 539 1112 choriambum
559 1057 713 1126 praecedat
732 1056 897 1112 trochaeus:
918 1097 945 1104 -
958 1090 982 1107 υ
996 1097 1022 1104 -
1035 1091 1061 1111 ψ
1074 1094 1100 1114 υ
1113 1099 1153 1120 -.
1191 1061 1248 1117 Ita-

189 1167 244 1220 que
263 1150 336 1204 haec
356 1149 519 1205 coniectura
538 1164 595 1203 non
616 1149 712 1218 inepta
733 1148 857 1213 videtur,
880 1156 957 1203 ut-
970 1186 995 1203 a
1008 1188 1192 1207 eeeee
1212 1155 1249 1208 sit

190 1242 298 1311 species
319 1240 463 1294 clausulae
482 1275 706 1294 ------
718 1281 725 1309 ‚
752 1240 794 1295 ita
813 1242 886 1296 banc
906 1243 1061 1299 clausulam
1080 1244 1249 1301 choriambi-

192 1350 255 1389 cam
275 1333 397 1404 specIcm
418 1348 479 1386 esse
499 1329 608 1387 formae
622 1334 658 1400 A,
678 1331 708 1385 in
729 1346 786 1403 qua
806 1333 921 1388 alterius
941 1335 1038 1390 cretici
1057 1337 1145 1408 longa
1164 1338 1249 1409 sylla-

190 1426 229 1481 ba
250 1427 344 1481 scluts
364 1425 409 1481 sit.
449 1427 545 1495 Atque
565 1424 635 1481 haec
655 1425 818 1480 coniectura
837 1443 872 1481 ea
891 1443 922 1481 re
948 1426 1143 1494 confirmatur,
1171 1434 1247 1502 quod

91 1520 93 1523 ’
188 1519 218 1573 in
237 1518 282 1573 his
303 1518 435 1574 clausulis
457 1518 555 1573 Cicero
575 1517 661 1573 ictum
680 1517 868 1589 rhythmicum
888 1537 950 1576 cum
971 1531 1088 1578 accentu
1107 1540 1248 1595 gramma·

188 1612 245 1667 tico
273 1610 313 1665 lta
340 1610 513 1677 conciliavit,
538 1616 570 1663 ut
594 1628 704 1682 semper
728 1612 838 1666 solut-ae
863 1614 974 1667 theseos
982 1608 1007 1685 1)
1030 1615 1109 1686 prlor
1134 1617 1247 1688 syllaba

158 1732 159 1745 κ
188 1709 309 1765 accentu
333 1703 369 1757 sit
392 1703 521 1772 praedita
538 1688 637 1774 'neque
656 1704 822 1758 admittatur
847 1705 992 1768 ‚exhibere
1015 1703 1096 1779 puto‘
1119 1711 1162 1764 vel
1186 1711 1244 1766 tale

188 1797 264 1868 quid.
298 1797 381 1862 Quod
401 1806 553 1850 cum'casu
574 1795 710 1850 accidisse
730 1813 788 1851 non
807 1798 905 1868 possit,
925 1816 979 1870 pro*
992 1808 1068 1856 certo
1083 1799 1245 1860 babendum

149 1928 153 1931 -
188 1910 249 1947 esse
269 1898 348 1963 puto,
369 1890 421 1945 bas
442 1889 583 1945 clausulas
602 1907 664 1943 esse
684 1889 813 1946 creticus.

265 1999 405 2071 Exempla
425 2004 490 2052 sunt
509 1997 592 2052 haec:

290 2093 347 2148 Pro
367 2091 484 2162 imperio
505 2089 562 2145 XII
583 2091 632 2145 32:
654 2090 812 2161 longinqua
831 2102 1026 2149 commemoro.

260 2243 264 2246 ,
290 2185 347 2241 Pro
367 2184 444 2241 Sulla
464 2185 505 2238 VI
527 2185 575 2241 18:
596 2182 761 2255 proferebat
779 2183 887 2242 officia.

464 2277 536 2332 XIII
557 2278 607 2333 39:
628 2293 689 2332 esse
708 2277 737 2333 iu
758 2278 872 2335 indIcio.

461 2369 516 2424 XV
536 2370 585 2425 42:
607 2369 746 2425 nemiuem
768 2371 851 2426 volui.

460 2463 530 2517 XVI
547 2461 597 2518 47:
618 2463 741 2533 gratiam
760 2462 864 2518 videar.

290 2556 312 2611 Ι.
333 2556 395 2611 Cat.
417 2555 496 2609 115:
519 2556 647 2611 adducor
666 2562 698 2609 ut
717 2554 831 2611 faciam.

289 2650 326 2705 II.
350 2650 410 2704 Cat.
431 2645 511 2703 114:
533 2647 681 2703 comitatus
701 2649 809 2704 exierit.

435 2741 462 2795 V
483 2742 513 2796 9:
533 2740 621 2798 fuisse
641 2748 848 2797 commemoret.

435 2836 491 2891 VII
513 2838 562 2891 16:
585 2843 632 2891 sat
655 2836 685 2891 in
711 2837 840 2892 exsilium
860 2834 948 2904 (vides
973 2839 1027 2894 hcc
1047 2855 1159 2911 quoque
1179 2861 1242 2898 eum

584 2936 683 2985 nostra
701 2931 893 3002 explicatione
909 2934 1068 2998 contenire,
1089 2952 1151 2992 cum
1165 2938 1243 3007 prior

583 3024 703 3078 creticus
724 3024 833 3077 solutus
854 3018 911 3094 sit).

289 3110 360 3165 Cum
381 3118 470 3167 senat
491 3112 534 3166 IX
554 3114 603 3167 23:
626 3114 775 3170 commissa
793 3121 952 3185 praetereo.

491 3201 546 3257 XV
567 3205 617 3260 37:
638 3207 698 3259 tela
716 3207 869 3277 pertimuit.

292 3295 360 3349 Cum
379 3312 445 3368 pop.
466 3298 512 3351 III
533 3299 549 3351 7
555 3298 726 3355 :dissimilis
745 3299 801 3355 fuit
819 3302 901 3358 ratIc.

228 3376 232 3379 ’
262 3389 395 3460 Pugnant
416 3406 478 3444 cum
497 3396 595 3446 nostra
615 3390 805 3463 explicatione
824 3395 854 3451 hi
872 3398 944 3455 loci:

287 3481 343 3537 Pro
365 3482 444 3539 Sulla
463 3484 563 3540 XXXI
581 3486 633 3543 87:
654 3504 738 3557 quam
758 3506 874 3545 necesse
893 3492 955 3549 fuit.

286 3575 773 3638 Lmvmmmfflm

287 3667 322 3721 II.
345 3666 407 3723 Cat.
428 3670 469 3724 VI
492 3672 541 3726 13:
563 3674 703 3746 descripta
722 3676 832 3732 edocui.

184 3849 386 3861 ι----..

188 4010 191 4017 ι
253 3939 276 4007 1)
294 3938 431 3993 Vocabula
448 3941 555 3997 theseos
575 3946 603 3998 et
619 3959 712 3999 arseos
730 3962 763 4000 eo
781 3931 861 4002 sensu
880 3949 1009 4018 adhibeo,
1033 3964 1085 4020 quo
1111 3952 1235 4004 veterum

183 4023 279 4093 optimi
296 4026 418 4122 auctores
437 4044 576 4100 nuperque
594 4030 777 4087 Rossbachius
797 4033 1044 4106 WestphaIIusque.
