<?xml version="1.0" encoding="UTF-8"?>
<!DOCTYPE html PUBLIC "-//W3C//DTD XHTML 1.0 Transitional//EN"
    "http://www.w3.org/TR/xhtml1/DTD/xhtml1-transitional.dtd">
<html xmlns="http://www.w3.org/1999/xhtml" xml:lang="en" lang="en">
 <head>
  <title>
</title>
<meta http-equiv="Content-Type" content="text/html;charset=utf-8" />
  <meta name='ocr-system' content='tesseract 3.04.00' />
  <meta name='ocr-capabilities' content='ocr_page ocr_carea ocr_par ocr_line ocrx_word'/>
</head>
<body>
  <div class='ocr_page' id='page_1' title='image "./denumerociceron00mlgoog_0019.png"; bbox 0 0 3000 4450; ppageno 0'>
   <div class='ocr_carea' id='block_1_1' title="bbox 638 256 828 318">
    <p class='ocr_par' dir='ltr' id='par_1_1' title="bbox 638 256 828 318">
     <span class='ocr_line' id='line_1_1' title="bbox 638 256 828 318; baseline 0.005 -18"><span class='ocrx_word' id='word_1_1' title='bbox 638 256 828 318; x_wconf 73' lang='lat'><strong>..11-</strong></span> 
     </span>
    </p>
   </div>
   <div class='ocr_carea' id='block_1_2' title="bbox 206 426 1261 683">
    <p class='ocr_par' dir='ltr' id='par_1_2' title="bbox 206 426 1261 683">
     <span class='ocr_line' id='line_1_2' title="bbox 206 426 1259 495; baseline 0.001 -13"><span class='ocrx_word' id='word_1_2' title='bbox 206 426 264 482; x_wconf 89' lang='lat' dir='ltr'><strong>bile</strong></span> <span class='ocrx_word' id='word_1_3' title='bbox 284 437 367 483; x_wconf 88' lang='lat' dir='ltr'><strong>esset.</strong></span> <span class='ocrx_word' id='word_1_4' title='bbox 406 428 495 482; x_wconf 83' lang='lat' dir='ltr'><strong>Addit</strong></span> <span class='ocrx_word' id='word_1_5' title='bbox 514 427 628 483; x_wconf 89' lang='lat' dir='ltr'><strong>Cicero:</strong></span> <span class='ocrx_word' id='word_1_6' title='bbox 650 427 790 495; x_wconf 64' lang='lat' dir='ltr'><strong>„nomen</strong></span> <span class='ocrx_word' id='word_1_7' title='bbox 810 445 906 481; x_wconf 90' lang='lat' dir='ltr'><strong>nonne</strong></span> <span class='ocrx_word' id='word_1_8' title='bbox 925 428 953 482; x_wconf 94' lang='lat' dir='ltr'><strong>id</strong></span> <span class='ocrx_word' id='word_1_9' title='bbox 974 444 1105 482; x_wconf 88' lang='lat' dir='ltr'><strong>numerus</strong></span> <span class='ocrx_word' id='word_1_10' title='bbox 1125 426 1259 484; x_wconf 81' lang='lat' dir='ltr'><strong>effecerit.</strong></span> 
     </span>
     <span class='ocr_line' id='line_1_3' title="bbox 208 518 1259 591; baseline -0.001 -16"><span class='ocrx_word' id='word_1_11' title='bbox 208 519 385 587; x_wconf 80' lang='lat' dir='ltr'><strong>„Verborum</strong></span> <span class='ocrx_word' id='word_1_12' title='bbox 407 521 532 575; x_wconf 86' lang='lat' dir='ltr'><strong>ordinem</strong></span> <span class='ocrx_word' id='word_1_13' title='bbox 552 519 710 584; x_wconf 87' lang='lat' dir='ltr'><strong>immutata,</strong></span> <span class='ocrx_word' id='word_1_14' title='bbox 737 518 786 574; x_wconf 85' lang='lat' dir='ltr'><strong>iac</strong></span> <span class='ocrx_word' id='word_1_15' title='bbox 806 520 858 574; x_wconf 89' lang='lat' dir='ltr'><strong>sic:</strong></span> <span class='ocrx_word' id='word_1_16' title='bbox 891 519 1095 591; x_wconf 83' lang='lat' dir='ltr'><strong>,comprobavit</strong></span> <span class='ocrx_word' id='word_1_17' title='bbox 1114 518 1152 573; x_wconf 88' lang='lat' dir='ltr'><strong>fili</strong></span> <span class='ocrx_word' id='word_1_18' title='bbox 1172 526 1259 574; x_wconf 82' lang='lat' dir='ltr'><strong>teme·</strong></span> 
     </span>
     <span class='ocr_line' id='line_1_4' title="bbox 207 606 1261 683; baseline -0.001 -17"><span class='ocrx_word' id='word_1_19' title='bbox 207 608 313 680; x_wconf 85' lang='lat' dir='ltr'><strong>‚‚ritas‘‚</strong></span> <span class='ocrx_word' id='word_1_20' title='bbox 333 613 389 666; x_wconf 91' lang='lat' dir='ltr'><strong>iam</strong></span> <span class='ocrx_word' id='word_1_21' title='bbox 409 613 479 667; x_wconf 89' lang='lat' dir='ltr'><strong>nibil</strong></span> <span class='ocrx_word' id='word_1_22' title='bbox 499 613 561 675; x_wconf 85' lang='lat' dir='ltr'><strong>erit,</strong></span> <span class='ocrx_word' id='word_1_23' title='bbox 582 612 634 666; x_wconf 88' lang='lat' dir='ltr'><strong>etsi</strong></span> <span class='ocrx_word' id='word_1_24' title='bbox 653 606 817 679; x_wconf 86' lang='lat' dir='ltr'><strong>,temeritas‘</strong></span> <span class='ocrx_word' id='word_1_25' title='bbox 838 630 870 666; x_wconf 81' lang='lat' dir='ltr'><strong>ex</strong></span> <span class='ocrx_word' id='word_1_26' title='bbox 883 611 974 666; x_wconf 89' lang='lat' dir='ltr'><strong>tribus</strong></span> <span class='ocrx_word' id='word_1_27' title='bbox 984 612 1116 666; x_wconf 88' lang='lat' dir='ltr'><strong>brevibus</strong></span> <span class='ocrx_word' id='word_1_28' title='bbox 1131 618 1160 667; x_wconf 94' lang='lat' dir='ltr'><strong>et</strong></span> <span class='ocrx_word' id='word_1_29' title='bbox 1173 613 1261 683; x_wconf 82' lang='lat' dir='ltr'><strong>longa</strong></span> 
     </span>
    </p>
   </div>
   <div class='ocr_carea' id='block_1_3' title="bbox 207 699 1368 776">
    <p class='ocr_par' dir='ltr' id='par_1_3' title="bbox 207 699 1368 776">
     <span class='ocr_line' id='line_1_5' title="bbox 207 699 1368 776; baseline -0.002 -17"><span class='ocrx_word' id='word_1_30' title='bbox 207 712 277 773; x_wconf 69' lang='lat' dir='ltr'><strong>„est</strong></span> <span class='ocrx_word' id='word_1_31' title='bbox 308 722 390 775; x_wconf 92' lang='lat' dir='ltr'><strong>quem</strong></span> <span class='ocrx_word' id='word_1_32' title='bbox 410 705 577 760; x_wconf 83' lang='lat' dir='ltr'><strong>Aristoteles</strong></span> <span class='ocrx_word' id='word_1_33' title='bbox 591 711 639 759; x_wconf 66' lang='lat' dir='ltr'><strong>⁴ut</strong></span> <span class='ocrx_word' id='word_1_34' title='bbox 669 705 805 774; x_wconf 89' lang='lat' dir='ltr'><strong>optimum</strong></span> <span class='ocrx_word' id='word_1_35' title='bbox 829 703 941 775; x_wconf 87' lang='lat' dir='ltr'><strong>probat,</strong></span> <span class='ocrx_word' id='word_1_36' title='bbox 973 723 990 759; x_wconf 91' lang='lat' dir='ltr'><strong>a</strong></span> <span class='ocrx_word' id='word_1_37' title='bbox 1014 721 1070 776; x_wconf 92' lang='lat' dir='ltr'><strong>quo</strong></span> <span class='ocrx_word' id='word_1_38' title='bbox 1096 699 1259 762; x_wconf 84' lang='lat' dir='ltr'><strong>dissentio.“</strong></span> <span class='ocrx_word' id='word_1_39' title='bbox 1365 750 1368 757; x_wconf 89' lang='lat'><strong>.</strong></span> 
     </span>
    </p>
   </div>
   <div class='ocr_carea' id='block_1_4' title="bbox 195 786 1292 2269">
    <p class='ocr_par' dir='ltr' id='par_1_4' title="bbox 195 786 1292 963">
     <span class='ocr_line' id='line_1_6' title="bbox 195 786 1292 870; baseline 0.001 -19"><span class='ocrx_word' id='word_1_40' title='bbox 195 786 336 869; x_wconf 51' lang='lat' dir='ltr'><strong>¹Apparet</strong></span> <span class='ocrx_word' id='word_1_41' title='bbox 354 800 441 870; x_wconf 88' lang='lat' dir='ltr'><strong>igitur</strong></span> <span class='ocrx_word' id='word_1_42' title='bbox 461 817 493 852; x_wconf 83' lang='lat' dir='ltr'><strong>ex</strong></span> <span class='ocrx_word' id='word_1_43' title='bbox 512 799 566 853; x_wconf 90' lang='lat' dir='ltr'><strong>hoc</strong></span> <span class='ocrx_word' id='word_1_44' title='bbox 587 799 726 868; x_wconf 87' lang='lat' dir='ltr'><strong>exemplo,</strong></span> <span class='ocrx_word' id='word_1_45' title='bbox 747 796 877 853; x_wconf 77' lang='lat' dir='ltr'>Ciceroni</span> <span class='ocrx_word' id='word_1_46' title='bbox 892 797 1086 853; x_wconf 87' lang='lat' dir='ltr'><strong>ditrochaeum</strong></span> <span class='ocrx_word' id='word_1_47' title='bbox 1100 800 1181 853; x_wconf 88' lang='lat' dir='ltr'><strong>valde</strong></span> <span class='ocrx_word' id='word_1_48' title='bbox 1200 799 1260 869; x_wconf 89' lang='lat' dir='ltr'><strong>pla·</strong></span> <span class='ocrx_word' id='word_1_49' title='bbox 1289 804 1292 809; x_wconf 82' lang='grc'><strong>’</strong></span> 
     </span>
     <span class='ocr_line' id='line_1_7' title="bbox 208 893 588 963; baseline -0.003 -16"><span class='ocrx_word' id='word_1_50' title='bbox 208 893 309 960; x_wconf 85' lang='lat' dir='ltr'><strong>coisse,</strong></span> <span class='ocrx_word' id='word_1_51' title='bbox 330 911 467 963; x_wconf 88' lang='lat' dir='ltr'><strong>paeanem</strong></span> <span class='ocrx_word' id='word_1_52' title='bbox 489 893 588 947; x_wconf 85' lang='lat' dir='ltr'><strong>minua</strong></span> 
     </span>
    </p>

    <p class='ocr_par' dir='ltr' id='par_1_5' title="bbox 207 984 1268 2175">
     <span class='ocr_line' id='line_1_8' title="bbox 285 984 1261 1057; baseline 0 -17"><span class='ocrx_word' id='word_1_53' title='bbox 285 985 340 1041; x_wconf 85' lang='lat' dir='ltr'><strong>Sed</strong></span> <span class='ocrx_word' id='word_1_54' title='bbox 365 987 449 1041; x_wconf 89' lang='lat' dir='ltr'><strong>etiam</strong></span> <span class='ocrx_word' id='word_1_55' title='bbox 480 987 553 1041; x_wconf 88' lang='lat' dir='ltr'><strong>aliae</strong></span> <span class='ocrx_word' id='word_1_56' title='bbox 583 986 726 1042; x_wconf 81' lang='lat' dir='ltr'><strong>clausulae</strong></span> <span class='ocrx_word' id='word_1_57' title='bbox 756 986 923 1057; x_wconf 81' lang='lat' dir='ltr'><strong>probantur.</strong></span> <span class='ocrx_word' id='word_1_58' title='bbox 965 985 1042 1053; x_wconf 87' lang='lat' dir='ltr'><strong>Orat,</strong></span> <span class='ocrx_word' id='word_1_59' title='bbox 1073 987 1129 1040; x_wconf 86' lang='grc'><strong>232</strong></span> <span class='ocrx_word' id='word_1_60' title='bbox 1160 984 1261 1040; x_wconf 89' lang='lat' dir='ltr'><strong>Cicero</strong></span> 
     </span>
     <span class='ocr_line' id='line_1_9' title="bbox 208 1080 1262 1149; baseline -0.001 -17"><span class='ocrx_word' id='word_1_61' title='bbox 208 1080 306 1135; x_wconf 87' lang='lat' dir='ltr'><strong>laudat</strong></span> <span class='ocrx_word' id='word_1_62' title='bbox 326 1081 414 1134; x_wconf 88' lang='lat' dir='ltr'><strong>banc:</strong></span> <span class='ocrx_word' id='word_1_63' title='bbox 436 1088 662 1149; x_wconf 72' lang='lat' dir='ltr'><strong>mercatoresque</strong></span> <span class='ocrx_word' id='word_1_64' title='bbox 683 1088 861 1149; x_wconf 86' lang='lat' dir='ltr'><strong>superarunt.</strong></span> <span class='ocrx_word' id='word_1_65' title='bbox 889 1080 1034 1134; x_wconf 82' lang='lat' dir='ltr'><strong>Habemus</strong></span> <span class='ocrx_word' id='word_1_66' title='bbox 1047 1096 1184 1149; x_wconf 88' lang='lat' dir='ltr'><strong>paeanem</strong></span> <span class='ocrx_word' id='word_1_67' title='bbox 1199 1095 1262 1134; x_wconf 90' lang='lat' dir='ltr'><strong>cum</strong></span> 
     </span>
     <span class='ocr_line' id='line_1_10' title="bbox 208 1170 1261 1244; baseline 0.003 -20"><span class='ocrx_word' id='word_1_68' title='bbox 208 1175 343 1242; x_wconf 79' lang='lat' dir='ltr'><strong>spondeo,</strong></span> <span class='ocrx_word' id='word_1_69' title='bbox 369 1190 453 1244; x_wconf 87' lang='lat' dir='ltr'><strong>quam</strong></span> <span class='ocrx_word' id='word_1_70' title='bbox 479 1175 634 1230; x_wconf 81' lang='lat' dir='ltr'><strong>clausulam</strong></span> <span class='ocrx_word' id='word_1_71' title='bbox 654 1174 846 1241; x_wconf 80' lang='lat' dir='ltr'><strong>Quintilianus</strong></span> <span class='ocrx_word' id='word_1_72' title='bbox 878 1172 942 1242; x_wconf 88' lang='lat' dir='ltr'><strong>(IX,</strong></span> <span class='ocrx_word' id='word_1_73' title='bbox 963 1175 990 1236; x_wconf 87' lang='grc'><strong>4,</strong></span> <span class='ocrx_word' id='word_1_74' title='bbox 1013 1170 1080 1242; x_wconf 90' lang='grc'>101)</span> <span class='ocrx_word' id='word_1_75' title='bbox 1110 1172 1261 1243; x_wconf 88' lang='lat' dir='ltr'><strong>improbat.</strong></span> 
     </span>
     <span class='ocr_line' id='line_1_11' title="bbox 209 1262 1261 1337; baseline 0.001 -19"><span class='ocrx_word' id='word_1_76' title='bbox 209 1263 342 1336; x_wconf 75' lang='lat' dir='ltr'><strong>Sequitur</strong></span> <span class='ocrx_word' id='word_1_77' title='bbox 362 1268 533 1336; x_wconf 84' lang='lat' dir='ltr'><strong>exemplum:</strong></span> <span class='ocrx_word' id='word_1_78' title='bbox 555 1266 755 1337; x_wconf 81' lang='lat' dir='ltr'><strong>‚Aegyptoque</strong></span> <span class='ocrx_word' id='word_1_79' title='bbox 777 1262 925 1321; x_wconf 89' lang='lat' dir='ltr'><strong>vicerunt‘:</strong></span> <span class='ocrx_word' id='word_1_80' title='bbox 957 1267 1074 1321; x_wconf 86' lang='lat' dir='ltr'><strong>creticus</strong></span> <span class='ocrx_word' id='word_1_81' title='bbox 1095 1284 1158 1321; x_wconf 91' lang='lat' dir='ltr'><strong>cum</strong></span> <span class='ocrx_word' id='word_1_82' title='bbox 1179 1282 1261 1336; x_wconf 90' lang='lat' dir='ltr'><strong>spon·</strong></span> 
     </span>
     <span class='ocr_line' id='line_1_12' title="bbox 207 1352 1261 1428; baseline 0.003 -18"><span class='ocrx_word' id='word_1_83' title='bbox 207 1357 271 1426; x_wconf 87' lang='lat' dir='ltr'><strong>deo,</strong></span> <span class='ocrx_word' id='word_1_84' title='bbox 302 1358 429 1413; x_wconf 85' lang='lat' dir='ltr'><strong>clausula</strong></span> <span class='ocrx_word' id='word_1_85' title='bbox 452 1360 569 1414; x_wconf 86' lang='lat' dir='ltr'><strong>laudata</strong></span> <span class='ocrx_word' id='word_1_86' title='bbox 594 1377 613 1415; x_wconf 90' lang='lat' dir='ltr'><strong>a</strong></span> <span class='ocrx_word' id='word_1_87' title='bbox 636 1359 809 1425; x_wconf 75' lang='lat' dir='ltr'><strong>Quintiliano</strong></span> <span class='ocrx_word' id='word_1_88' title='bbox 835 1352 899 1427; x_wconf 89' lang='lat' dir='ltr'><strong>(IX,</strong></span> <span class='ocrx_word' id='word_1_89' title='bbox 920 1359 947 1425; x_wconf 88' lang='grc'><strong>4,</strong></span> <span class='ocrx_word' id='word_1_90' title='bbox 969 1353 1028 1428; x_wconf 78' lang='grc'><strong>97).</strong></span> <span class='ocrx_word' id='word_1_91' title='bbox 1070 1359 1174 1413; x_wconf 81' lang='lat' dir='ltr'><strong>Contra</strong></span> <span class='ocrx_word' id='word_1_92' title='bbox 1194 1358 1261 1413; x_wconf 87' lang='lat' dir='ltr'><strong>vitu·</strong></span> 
     </span>
     <span class='ocr_line' id='line_1_13' title="bbox 210 1446 1264 1523; baseline 0.001 -20"><span class='ocrx_word' id='word_1_93' title='bbox 210 1456 336 1521; x_wconf 84' lang='lat' dir='ltr'><strong>perator:</strong></span> <span class='ocrx_word' id='word_1_94' title='bbox 369 1446 586 1523; x_wconf 82' lang='lat' dir='ltr'><strong>,Aegyptoquc‘,</strong></span> <span class='ocrx_word' id='word_1_95' title='bbox 618 1469 690 1522; x_wconf 87' lang='lat' dir='ltr'><strong>quae</strong></span> <span class='ocrx_word' id='word_1_96' title='bbox 720 1451 848 1506; x_wconf 84' lang='lat' dir='ltr'><strong>clausula</strong></span> <span class='ocrx_word' id='word_1_97' title='bbox 870 1457 899 1505; x_wconf 90' lang='lat' dir='ltr'><strong>et</strong></span> <span class='ocrx_word' id='word_1_98' title='bbox 925 1453 987 1521; x_wconf 91' lang='lat' dir='ltr'><strong>ipsa</strong></span> <span class='ocrx_word' id='word_1_99' title='bbox 1007 1450 1182 1517; x_wconf 84' lang='lat' dir='ltr'><strong>Quintiliano</strong></span> <span class='ocrx_word' id='word_1_100' title='bbox 1201 1466 1264 1520; x_wconf 88' lang='lat' dir='ltr'><strong>pro-</strong></span> 
     </span>
     <span class='ocr_line' id='line_1_14' title="bbox 210 1535 1264 1614; baseline -0.001 -17"><span class='ocrx_word' id='word_1_101' title='bbox 210 1542 303 1607; x_wconf 90' lang='lat' dir='ltr'><strong>batur,</strong></span> <span class='ocrx_word' id='word_1_102' title='bbox 325 1544 372 1614; x_wconf 90' lang='lat' dir='ltr'><strong>qui</strong></span> <span class='ocrx_word' id='word_1_103' title='bbox 391 1543 474 1599; x_wconf 84' lang='lat' dir='ltr'><strong>affert</strong></span> <span class='ocrx_word' id='word_1_104' title='bbox 500 1544 643 1614; x_wconf 82' lang='lat' dir='ltr'><strong>exempla:</strong></span> <span class='ocrx_word' id='word_1_105' title='bbox 676 1543 829 1613; x_wconf 89' lang='lat' dir='ltr'><strong>,Romanus</strong></span> <span class='ocrx_word' id='word_1_106' title='bbox 860 1541 929 1596; x_wconf 90' lang='lat' dir='ltr'><strong>sum‘</strong></span> <span class='ocrx_word' id='word_1_107' title='bbox 961 1549 989 1597; x_wconf 90' lang='lat' dir='ltr'><strong>et</strong></span> <span class='ocrx_word' id='word_1_108' title='bbox 1019 1560 1080 1610; x_wconf 88' lang='lat' dir='ltr'><strong>,nos</strong></span> <span class='ocrx_word' id='word_1_109' title='bbox 1110 1535 1264 1613; x_wconf 88' lang='lat' dir='ltr'><strong>possemus‘</strong></span> 
     </span>
     <span class='ocr_line' id='line_1_15' title="bbox 210 1635 1263 1707; baseline -0.001 -17"><span class='ocrx_word' id='word_1_110' title='bbox 210 1635 274 1705; x_wconf 89' lang='lat' dir='ltr'><strong>(IX,</strong></span> <span class='ocrx_word' id='word_1_111' title='bbox 294 1637 322 1706; x_wconf 87' lang='lat'><strong>4,</strong></span> <span class='ocrx_word' id='word_1_112' title='bbox 345 1635 422 1704; x_wconf 85' lang='grc'><strong>102).</strong></span> <span class='ocrx_word' id='word_1_113' title='bbox 463 1638 559 1693; x_wconf 88' lang='lat' dir='ltr'><strong>Tertia</strong></span> <span class='ocrx_word' id='word_1_114' title='bbox 577 1637 710 1707; x_wconf 88' lang='lat' dir='ltr'><strong>periodus</strong></span> <span class='ocrx_word' id='word_1_115' title='bbox 736 1654 753 1691; x_wconf 90' lang='lat' dir='ltr'><strong>a</strong></span> <span class='ocrx_word' id='word_1_116' title='bbox 773 1636 911 1691; x_wconf 84' lang='lat' dir='ltr'><strong>Cicerone</strong></span> <span class='ocrx_word' id='word_1_117' title='bbox 936 1637 1023 1691; x_wconf 89' lang='lat' dir='ltr'><strong>allata</strong></span> <span class='ocrx_word' id='word_1_118' title='bbox 1042 1654 1140 1691; x_wconf 88' lang='lat' dir='ltr'><strong>rursus</strong></span> <span class='ocrx_word' id='word_1_119' title='bbox 1160 1636 1263 1691; x_wconf 89' lang='lat' dir='ltr'><strong>habet:</strong></span> 
     </span>
     <span class='ocr_line' id='line_1_16' title="bbox 213 1726 1265 1802; baseline -0.001 -18"><span class='ocrx_word' id='word_1_120' title='bbox 213 1730 347 1800; x_wconf 90' lang='lat' dir='ltr'><strong>‚potuisse</strong></span> <span class='ocrx_word' id='word_1_121' title='bbox 369 1726 515 1801; x_wconf 77' lang='lat' dir='ltr'><strong>superari,</strong></span> <span class='ocrx_word' id='word_1_122' title='bbox 536 1747 674 1802; x_wconf 81' lang='lat' dir='ltr'><strong>paeonem</strong></span> <span class='ocrx_word' id='word_1_123' title='bbox 696 1748 758 1785; x_wconf 89' lang='lat' dir='ltr'><strong>cum</strong></span> <span class='ocrx_word' id='word_1_124' title='bbox 775 1731 900 1800; x_wconf 87' lang='lat' dir='ltr'><strong>spondeo</strong></span> <span class='ocrx_word' id='word_1_125' title='bbox 907 1744 915 1802; x_wconf 77' lang='lat'><em>3</em></span> <span class='ocrx_word' id='word_1_126' title='bbox 936 1730 1109 1801; x_wconf 83' lang='lat' dir='ltr'><strong>vituperatur</strong></span> <span class='ocrx_word' id='word_1_127' title='bbox 1123 1731 1265 1785; x_wconf 83' lang='lat' dir='ltr'><strong>clausula:</strong></span> 
     </span>
     <span class='ocr_line' id='line_1_17' title="bbox 216 1820 1268 1894; baseline -0.001 -17"><span class='ocrx_word' id='word_1_128' title='bbox 216 1821 299 1893; x_wconf 87' lang='lat' dir='ltr'><strong>,Syro</strong></span> <span class='ocrx_word' id='word_1_129' title='bbox 325 1830 375 1876; x_wconf 86' lang='lat' dir='ltr'><strong>aut</strong></span> <span class='ocrx_word' id='word_1_130' title='bbox 396 1820 535 1879; x_wconf 85' lang='lat' dir='ltr'><strong>Deliaco‘:</strong></span> <span class='ocrx_word' id='word_1_131' title='bbox 568 1823 746 1879; x_wconf 84' lang='lat' dir='ltr'><strong>choriambus</strong></span> <span class='ocrx_word' id='word_1_132' title='bbox 777 1825 964 1894; x_wconf 79' lang='lat' dir='ltr'><strong>praecedente</strong></span> <span class='ocrx_word' id='word_1_133' title='bbox 994 1823 1096 1878; x_wconf 87' lang='lat' dir='ltr'><strong>iambo.</strong></span> <span class='ocrx_word' id='word_1_134' title='bbox 1138 1823 1268 1894; x_wconf 89' lang='lat' dir='ltr'><strong>Denique</strong></span> 
     </span>
     <span class='ocr_line' id='line_1_18' title="bbox 216 1912 1264 1988; baseline 0.003 -20"><span class='ocrx_word' id='word_1_135' title='bbox 216 1915 312 1969; x_wconf 86' lang='lat' dir='ltr'><strong>Cicero</strong></span> <span class='ocrx_word' id='word_1_136' title='bbox 334 1923 404 1971; x_wconf 85' lang='lat' dir='ltr'><strong>orat.</strong></span> <span class='ocrx_word' id='word_1_137' title='bbox 426 1919 482 1973; x_wconf 87' lang='grc'><strong>233</strong></span> <span class='ocrx_word' id='word_1_138' title='bbox 496 1919 635 1988; x_wconf 83' lang='lat' dir='ltr'><strong>vituperat</strong></span> <span class='ocrx_word' id='word_1_139' title='bbox 647 1916 769 1973; x_wconf 83' lang='lat' dir='ltr'><strong>Gracchi</strong></span> <span class='ocrx_word' id='word_1_140' title='bbox 784 1918 951 1972; x_wconf 83' lang='lat' dir='ltr'><strong>clausulam:</strong></span> <span class='ocrx_word' id='word_1_141' title='bbox 973 1917 1125 1987; x_wconf 88' lang='lat' dir='ltr'><strong>,improbos</strong></span> <span class='ocrx_word' id='word_1_142' title='bbox 1140 1912 1264 1987; x_wconf 78' lang='lat' dir='ltr'><strong>probet‘3</strong></span> 
     </span>
     <span class='ocr_line' id='line_1_19' title="bbox 213 2006 1266 2082; baseline 0.002 -21"><span class='ocrx_word' id='word_1_143' title='bbox 213 2009 351 2078; x_wconf 91' lang='lat' dir='ltr'><strong>aptiorem</strong></span> <span class='ocrx_word' id='word_1_144' title='bbox 372 2012 543 2067; x_wconf 74' lang='lat' dir='ltr'><strong>essehsne:</strong></span> <span class='ocrx_word' id='word_1_145' title='bbox 575 2006 764 2081; x_wconf 90' lang='lat' dir='ltr'><strong>,improbare‘.</strong></span> <span class='ocrx_word' id='word_1_146' title='bbox 803 2011 846 2064; x_wconf 88' lang='lat' dir='ltr'><strong>Ne</strong></span> <span class='ocrx_word' id='word_1_147' title='bbox 867 2010 1039 2076; x_wconf 82' lang='lat' dir='ltr'><strong>Quintiliano</strong></span> <span class='ocrx_word' id='word_1_148' title='bbox 1060 2011 1171 2082; x_wconf 91' lang='lat' dir='ltr'><strong>quidem</strong></span> <span class='ocrx_word' id='word_1_149' title='bbox 1191 2011 1266 2063; x_wconf 86' lang='lat' dir='ltr'><strong>clau·</strong></span> 
     </span>
     <span class='ocr_line' id='line_1_20' title="bbox 214 2101 932 2175; baseline 0.004 -20"><span class='ocrx_word' id='word_1_150' title='bbox 214 2103 275 2157; x_wconf 90' lang='lat' dir='ltr'><strong>sula</strong></span> <span class='ocrx_word' id='word_1_151' title='bbox 294 2104 355 2157; x_wconf 84' lang='lat' dir='ltr'><strong>illa:</strong></span> <span class='ocrx_word' id='word_1_152' title='bbox 376 2110 468 2175; x_wconf 90' lang='lat' dir='ltr'><strong>,turpe</strong></span> <span class='ocrx_word' id='word_1_153' title='bbox 490 2101 625 2174; x_wconf 86' lang='lat' dir='ltr'><strong>duceret‘,</strong></span> <span class='ocrx_word' id='word_1_154' title='bbox 644 2105 795 2159; x_wconf 86' lang='lat' dir='ltr'><strong>laudabilis</strong></span> <span class='ocrx_word' id='word_1_155' title='bbox 816 2105 932 2158; x_wconf 84' lang='lat' dir='ltr'><strong>videtur.</strong></span> 
     </span>
    </p>

    <p class='ocr_par' dir='ltr' id='par_1_6' title="bbox 291 2195 1266 2269">
     <span class='ocr_line' id='line_1_21' title="bbox 291 2195 1266 2269; baseline -0.001 -18"><span class='ocrx_word' id='word_1_156' title='bbox 291 2197 359 2251; x_wconf 90' lang='lat' dir='ltr'><strong>Cum</strong></span> <span class='ocrx_word' id='word_1_157' title='bbox 380 2199 424 2252; x_wconf 90' lang='lat' dir='ltr'><strong>his</strong></span> <span class='ocrx_word' id='word_1_158' title='bbox 445 2200 576 2269; x_wconf 84' lang='lat' dir='ltr'><strong>exemplis</strong></span> <span class='ocrx_word' id='word_1_159' title='bbox 597 2205 761 2269; x_wconf 87' lang='lat' dir='ltr'><strong>praecepta,</strong></span> <span class='ocrx_word' id='word_1_160' title='bbox 793 2214 866 2269; x_wconf 88' lang='lat' dir='ltr'><strong>quae</strong></span> <span class='ocrx_word' id='word_1_161' title='bbox 896 2196 996 2252; x_wconf 87' lang='lat' dir='ltr'><strong>Cicero</strong></span> <span class='ocrx_word' id='word_1_162' title='bbox 1026 2197 1087 2267; x_wconf 90' lang='lat' dir='ltr'><strong>ipse</strong></span> <span class='ocrx_word' id='word_1_163' title='bbox 1117 2196 1176 2265; x_wconf 89' lang='lat' dir='ltr'><strong>dat,</strong></span> <span class='ocrx_word' id='word_1_164' title='bbox 1206 2195 1266 2250; x_wconf 82' lang='lat' dir='ltr'><strong>fere</strong></span> 
     </span>
    </p>
   </div>
   <div class='ocr_carea' id='block_1_5' title="bbox 174 2286 1267 2736">
    <p class='ocr_par' dir='ltr' id='par_1_7' title="bbox 213 2286 1267 2361">
     <span class='ocr_line' id='line_1_22' title="bbox 213 2286 1267 2361; baseline 0 -18"><span class='ocrx_word' id='word_1_165' title='bbox 213 2292 401 2346; x_wconf 88' lang='lat' dir='ltr'><strong>consentiunt.</strong></span> <span class='ocrx_word' id='word_1_166' title='bbox 441 2287 592 2360; x_wconf 88' lang='lat' dir='ltr'><strong>(inunum</strong></span> <span class='ocrx_word' id='word_1_167' title='bbox 619 2293 731 2361; x_wconf 87' lang='lat' dir='ltr'><strong>collegit</strong></span> <span class='ocrx_word' id='word_1_168' title='bbox 757 2291 806 2346; x_wconf 89' lang='lat' dir='ltr'><strong>illa</strong></span> <span class='ocrx_word' id='word_1_169' title='bbox 826 2292 926 2346; x_wconf 90' lang='lat' dir='ltr'><strong>Wuest</strong></span> <span class='ocrx_word' id='word_1_170' title='bbox 946 2309 993 2361; x_wconf 90' lang='lat' dir='ltr'><strong>pp.</strong></span> <span class='ocrx_word' id='word_1_171' title='bbox 1015 2286 1170 2354; x_wconf 76' lang='lat'><strong>95-102).</strong></span> <span class='ocrx_word' id='word_1_172' title='bbox 1211 2289 1267 2345; x_wconf 87' lang='lat' dir='ltr'><strong>Sed</strong></span> 
     </span>
    </p>

    <p class='ocr_par' dir='ltr' id='par_1_8' title="bbox 210 2382 1264 2455">
     <span class='ocr_line' id='line_1_23' title="bbox 210 2382 1264 2455; baseline -0.001 -19"><span class='ocrx_word' id='word_1_173' title='bbox 210 2397 248 2436; x_wconf 88' lang='lat' dir='ltr'><strong>ex</strong></span> <span class='ocrx_word' id='word_1_174' title='bbox 266 2383 377 2438; x_wconf 87' lang='lat' dir='ltr'><strong>duabus</strong></span> <span class='ocrx_word' id='word_1_175' title='bbox 398 2386 489 2439; x_wconf 87' lang='lat' dir='ltr'><strong>causis</strong></span> <span class='ocrx_word' id='word_1_176' title='bbox 509 2386 558 2440; x_wconf 90' lang='lat' dir='ltr'><strong>illa</strong></span> <span class='ocrx_word' id='word_1_177' title='bbox 577 2392 730 2455; x_wconf 88' lang='lat' dir='ltr'><strong>praecepta</strong></span> <span class='ocrx_word' id='word_1_178' title='bbox 749 2383 891 2450; x_wconf 88' lang='lat' dir='ltr'><strong>laborant,</strong></span> <span class='ocrx_word' id='word_1_179' title='bbox 922 2384 1043 2454; x_wconf 88' lang='lat' dir='ltr'><strong>primum</strong></span> <span class='ocrx_word' id='word_1_180' title='bbox 1065 2385 1140 2453; x_wconf 86' lang='lat' dir='ltr'><strong>quod</strong></span> <span class='ocrx_word' id='word_1_181' title='bbox 1157 2382 1264 2445; x_wconf 91' lang='lat' dir='ltr'><strong>Cicero,</strong></span> 
     </span>
    </p>

    <p class='ocr_par' dir='ltr' id='par_1_9' title="bbox 174 2476 1267 2549">
     <span class='ocr_line' id='line_1_24' title="bbox 174 2476 1267 2549; baseline 0.001 -22"><span class='ocrx_word' id='word_1_182' title='bbox 174 2487 177 2493; x_wconf 85' lang='lat'>·</span> <span class='ocrx_word' id='word_1_183' title='bbox 214 2484 378 2543; x_wconf 75' lang='lat' dir='ltr'><strong>quaerente</strong></span> <span class='ocrx_word' id='word_1_184' title='bbox 398 2479 494 2545; x_wconf 88' lang='lat' dir='ltr'><strong>sensit,</strong></span> <span class='ocrx_word' id='word_1_185' title='bbox 515 2495 716 2549; x_wconf 86' lang='lat' dir='ltr'><strong>nonnunquam</strong></span> <span class='ocrx_word' id='word_1_186' title='bbox 736 2494 836 2547; x_wconf 90' lang='lat' dir='ltr'><strong>parum</strong></span> <span class='ocrx_word' id='word_1_187' title='bbox 849 2483 982 2531; x_wconf 85' lang='lat' dir='ltr'><strong>accurate</strong></span> <span class='ocrx_word' id='word_1_188' title='bbox 996 2476 1143 2546; x_wconf 84' lang='lat' dir='ltr'><strong>expressit,</strong></span> <span class='ocrx_word' id='word_1_189' title='bbox 1164 2476 1267 2529; x_wconf 90' lang='lat' dir='ltr'><strong>deinde</strong></span> 
     </span>
    </p>

    <p class='ocr_par' dir='ltr' id='par_1_10' title="bbox 215 2567 1266 2736">
     <span class='ocr_line' id='line_1_25' title="bbox 215 2567 1266 2639; baseline 0.002 -20"><span class='ocrx_word' id='word_1_190' title='bbox 215 2570 290 2636; x_wconf 91' lang='lat' dir='ltr'><strong>quod</strong></span> <span class='ocrx_word' id='word_1_191' title='bbox 311 2572 345 2621; x_wconf 92' lang='lat' dir='ltr'><strong>de</strong></span> <span class='ocrx_word' id='word_1_192' title='bbox 365 2570 507 2624; x_wconf 90' lang='lat' dir='ltr'><strong>nonnullis</strong></span> <span class='ocrx_word' id='word_1_193' title='bbox 527 2571 612 2626; x_wconf 85' lang='lat' dir='ltr'><strong>rebus</strong></span> <span class='ocrx_word' id='word_1_194' title='bbox 633 2571 675 2624; x_wconf 88' lang='lat' dir='ltr'><strong>vel</strong></span> <span class='ocrx_word' id='word_1_195' title='bbox 694 2570 867 2639; x_wconf 78' lang='lat' dir='ltr'><strong>gravissimis</strong></span> <span class='ocrx_word' id='word_1_196' title='bbox 880 2586 916 2623; x_wconf 88' lang='lat' dir='ltr'><strong>ne</strong></span> <span class='ocrx_word' id='word_1_197' title='bbox 931 2568 1044 2622; x_wconf 87' lang='lat' dir='ltr'><strong>verbum</strong></span> <span class='ocrx_word' id='word_1_198' title='bbox 1059 2570 1170 2639; x_wconf 88' lang='lat' dir='ltr'><strong>quidem</strong></span> <span class='ocrx_word' id='word_1_199' title='bbox 1186 2567 1266 2622; x_wconf 85' lang='lat' dir='ltr'><strong>dixit.</strong></span> 
     </span>
     <span class='ocr_line' id='line_1_26' title="bbox 215 2662 1028 2736; baseline 0.002 -20"><span class='ocrx_word' id='word_1_200' title='bbox 215 2662 248 2716; x_wconf 89' lang='lat' dir='ltr'><strong>Id</strong></span> <span class='ocrx_word' id='word_1_201' title='bbox 269 2663 344 2732; x_wconf 89' lang='lat' dir='ltr'><strong>quod</strong></span> <span class='ocrx_word' id='word_1_202' title='bbox 364 2666 497 2733; x_wconf 67' lang='lat' dir='ltr'><strong>proxima¹</strong></span> <span class='ocrx_word' id='word_1_203' title='bbox 513 2664 692 2736; x_wconf 80' lang='lat' dir='ltr'><strong>paragrapho</strong></span> <span class='ocrx_word' id='word_1_204' title='bbox 714 2664 808 2719; x_wconf 88' lang='lat' dir='ltr'><strong>statim</strong></span> <span class='ocrx_word' id='word_1_205' title='bbox 829 2664 1028 2718; x_wconf 86' lang='lat' dir='ltr'><strong>declarabitur.</strong></span> 
     </span>
    </p>
   </div>
   <div class='ocr_carea' id='block_1_6' title="bbox 431 2911 1052 3100">
    <p class='ocr_par' dir='ltr' id='par_1_11' title="bbox 431 2911 1052 3100">
     <span class='ocr_line' id='line_1_27' title="bbox 714 2911 777 2971; baseline -0.111 0"><span class='ocrx_word' id='word_1_206' title='bbox 714 2911 729 2971; x_wconf 78' lang='lat' dir='ltr'><strong>s</strong></span> <span class='ocrx_word' id='word_1_207' title='bbox 749 2912 777 2965; x_wconf 81' lang='lat' dir='ltr'><strong>a.</strong></span> 
     </span>
     <span class='ocr_line' id='line_1_28' title="bbox 431 3017 1052 3100; baseline -0.003 -2"><span class='ocrx_word' id='word_1_208' title='bbox 431 3019 647 3100; x_wconf 85' lang='lat' dir='ltr'><strong>Ciceronis</strong></span> <span class='ocrx_word' id='word_1_209' title='bbox 679 3044 781 3100; x_wconf 87' lang='lat' dir='ltr'><strong>usus</strong></span> <span class='ocrx_word' id='word_1_210' title='bbox 813 3017 1052 3099; x_wconf 88' lang='lat' dir='ltr'><strong>consulitur.</strong></span> 
     </span>
    </p>
   </div>
   <div class='ocr_carea' id='block_1_7' title="bbox 164 3168 1274 3800">
    <p class='ocr_par' dir='ltr' id='par_1_12' title="bbox 164 3168 1274 3800">
     <span class='ocr_line' id='line_1_29' title="bbox 291 3168 1271 3235; baseline -0.002 -12"><span class='ocrx_word' id='word_1_211' title='bbox 291 3168 413 3223; x_wconf 86' lang='lat' dir='ltr'><strong>Necesse</strong></span> <span class='ocrx_word' id='word_1_212' title='bbox 434 3171 502 3223; x_wconf 91' lang='lat' dir='ltr'><strong>mihi</strong></span> <span class='ocrx_word' id='word_1_213' title='bbox 522 3172 610 3224; x_wconf 90' lang='lat' dir='ltr'><strong>visum</strong></span> <span class='ocrx_word' id='word_1_214' title='bbox 630 3179 682 3235; x_wconf 91' lang='lat' dir='ltr'><strong>cst,</strong></span> <span class='ocrx_word' id='word_1_215' title='bbox 702 3187 760 3224; x_wconf 90' lang='lat' dir='ltr'><strong>non</strong></span> <span class='ocrx_word' id='word_1_216' title='bbox 781 3170 865 3224; x_wconf 91' lang='lat' dir='ltr'><strong>unius</strong></span> <span class='ocrx_word' id='word_1_217' title='bbox 889 3175 998 3224; x_wconf 89' lang='lat' dir='ltr'><strong>tantum</strong></span> <span class='ocrx_word' id='word_1_218' title='bbox 1030 3168 1164 3223; x_wconf 88' lang='lat' dir='ltr'><strong>orationis</strong></span> <span class='ocrx_word' id='word_1_219' title='bbox 1195 3169 1271 3221; x_wconf 89' lang='lat' dir='ltr'><strong>clau-</strong></span> 
     </span>
     <span class='ocr_line' id='line_1_30' title="bbox 164 3247 1269 3336; baseline 0.002 -25"><span class='ocrx_word' id='word_1_220' title='bbox 164 3247 172 3251; x_wconf 48' lang='lat'><strong><em>⁴</em></strong></span> <span class='ocrx_word' id='word_1_221' title='bbox 216 3260 291 3316; x_wconf 87' lang='lat' dir='ltr'><strong>sulas</strong></span> <span class='ocrx_word' id='word_1_222' title='bbox 312 3268 437 3325; x_wconf 85' lang='lat' dir='ltr'><strong>enotare,</strong></span> <span class='ocrx_word' id='word_1_223' title='bbox 458 3264 507 3317; x_wconf 88' lang='lat' dir='ltr'><strong>sed</strong></span> <span class='ocrx_word' id='word_1_224' title='bbox 527 3265 658 3333; x_wconf 90' lang='lat' dir='ltr'><strong>plurium.</strong></span> <span class='ocrx_word' id='word_1_225' title='bbox 699 3265 800 3336; x_wconf 89' lang='lat' dir='ltr'><strong>Itaque</strong></span> <span class='ocrx_word' id='word_1_226' title='bbox 820 3264 1006 3335; x_wconf 78' lang='lat' dir='ltr'><strong>pervestigari</strong></span> <span class='ocrx_word' id='word_1_227' title='bbox 1026 3263 1168 3317; x_wconf 91' lang='lat' dir='ltr'><strong>orationes</strong></span> <span class='ocrx_word' id='word_1_228' title='bbox 1189 3259 1269 3314; x_wconf 89' lang='lat' dir='ltr'><strong>habi-</strong></span> 
     </span>
     <span class='ocr_line' id='line_1_31' title="bbox 215 3350 1263 3427; baseline 0.001 -23"><span class='ocrx_word' id='word_1_229' title='bbox 215 3356 271 3406; x_wconf 84' lang='lat' dir='ltr'><strong>tas:</strong></span> <span class='ocrx_word' id='word_1_230' title='bbox 294 3350 324 3419; x_wconf 81' lang='lat'><strong>1)</strong></span> <span class='ocrx_word' id='word_1_231' title='bbox 345 3372 395 3423; x_wconf 89' lang='lat' dir='ltr'><strong>pro</strong></span> <span class='ocrx_word' id='word_1_232' title='bbox 415 3356 531 3425; x_wconf 85' lang='lat' dir='ltr'><strong>imperio</strong></span> <span class='ocrx_word' id='word_1_233' title='bbox 555 3356 603 3411; x_wconf 91' lang='lat' dir='ltr'><strong>Cn.</strong></span> <span class='ocrx_word' id='word_1_234' title='bbox 626 3357 750 3427; x_wconf 88' lang='lat' dir='ltr'><strong>Pompei,</strong></span> <span class='ocrx_word' id='word_1_235' title='bbox 772 3354 802 3422; x_wconf 89' lang='grc'><strong>2)</strong></span> <span class='ocrx_word' id='word_1_236' title='bbox 823 3358 851 3412; x_wconf 90' lang='lat' dir='ltr'><strong>in</strong></span> <span class='ocrx_word' id='word_1_237' title='bbox 868 3357 1017 3410; x_wconf 83' lang='lat' dir='ltr'><strong>Catilinam</strong></span> <span class='ocrx_word' id='word_1_238' title='bbox 1037 3356 1163 3425; x_wconf 91' lang='lat' dir='ltr'><strong>primam,</strong></span> <span class='ocrx_word' id='word_1_239' title='bbox 1184 3350 1215 3418; x_wconf 82' lang='lat'><strong>3)</strong></span> <span class='ocrx_word' id='word_1_240' title='bbox 1234 3353 1263 3405; x_wconf 93' lang='lat' dir='ltr'><strong>in</strong></span> 
     </span>
     <span class='ocr_line' id='line_1_32' title="bbox 219 3445 1263 3521; baseline 0 -22"><span class='ocrx_word' id='word_1_241' title='bbox 219 3445 368 3501; x_wconf 87' lang='lat' dir='ltr'><strong>Catilinam</strong></span> <span class='ocrx_word' id='word_1_242' title='bbox 388 3448 514 3518; x_wconf 87' lang='lat' dir='ltr'><strong>alteram,</strong></span> <span class='ocrx_word' id='word_1_243' title='bbox 545 3448 576 3515; x_wconf 81' lang='lat'><strong>4)</strong></span> <span class='ocrx_word' id='word_1_244' title='bbox 596 3468 647 3521; x_wconf 86' lang='lat' dir='ltr'><strong>pro</strong></span> <span class='ocrx_word' id='word_1_245' title='bbox 669 3450 770 3514; x_wconf 75' lang='lat' dir='ltr'><strong>Sulla,</strong></span> <span class='ocrx_word' id='word_1_246' title='bbox 789 3445 819 3521; x_wconf 84' lang='lat'><strong>5)</strong></span> <span class='ocrx_word' id='word_1_247' title='bbox 845 3468 907 3504; x_wconf 86' lang='lat' dir='ltr'><strong>cum</strong></span> <span class='ocrx_word' id='word_1_248' title='bbox 936 3450 1046 3503; x_wconf 88' lang='lat' dir='ltr'><strong>senatui</strong></span> <span class='ocrx_word' id='word_1_249' title='bbox 1070 3450 1176 3519; x_wconf 86' lang='lat' dir='ltr'><strong>gratias</strong></span> <span class='ocrx_word' id='word_1_250' title='bbox 1204 3446 1263 3517; x_wconf 87' lang='lat' dir='ltr'><strong>egit</strong></span> 
     </span>
     <span class='ocr_line' id='line_1_33' title="bbox 218 3531 1274 3613; baseline 0.001 -22"><span class='ocrx_word' id='word_1_251' title='bbox 218 3531 247 3606; x_wconf 83' lang='lat'><strong>6)</strong></span> <span class='ocrx_word' id='word_1_252' title='bbox 270 3556 332 3593; x_wconf 85' lang='lat' dir='ltr'><strong>cum</strong></span> <span class='ocrx_word' id='word_1_253' title='bbox 353 3542 457 3610; x_wconf 92' lang='lat' dir='ltr'><strong>populo</strong></span> <span class='ocrx_word' id='word_1_254' title='bbox 478 3545 584 3612; x_wconf 76' lang='lat' dir='ltr'><strong>gratias</strong></span> <span class='ocrx_word' id='word_1_255' title='bbox 605 3544 671 3613; x_wconf 86' lang='lat' dir='ltr'><strong>egit.</strong></span> <span class='ocrx_word' id='word_1_256' title='bbox 680 3540 702 3607; x_wconf 86' lang='lat'><strong>1)</strong></span> <span class='ocrx_word' id='word_1_257' title='bbox 735 3544 855 3599; x_wconf 87' lang='lat' dir='ltr'><strong>Secutus</strong></span> <span class='ocrx_word' id='word_1_258' title='bbox 883 3552 977 3597; x_wconf 88' lang='lat' dir='ltr'><strong>autem</strong></span> <span class='ocrx_word' id='word_1_259' title='bbox 1004 3561 1065 3595; x_wconf 89' lang='lat' dir='ltr'><strong>sum</strong></span> <span class='ocrx_word' id='word_1_260' title='bbox 1085 3542 1112 3595; x_wconf 89' lang='lat' dir='ltr'><strong>in</strong></span> <span class='ocrx_word' id='word_1_261' title='bbox 1134 3540 1274 3594; x_wconf 88' lang='lat' dir='ltr'><strong>clausula·</strong></span> 
     </span>
     <span class='ocr_line' id='line_1_34' title="bbox 218 3632 1272 3705; baseline 0.001 -21"><span class='ocrx_word' id='word_1_262' title='bbox 218 3648 280 3685; x_wconf 88' lang='lat' dir='ltr'><strong>rum</strong></span> <span class='ocrx_word' id='word_1_263' title='bbox 302 3635 558 3690; x_wconf 85' lang='lat' dir='ltr'><strong>enumerationibus</strong></span> <span class='ocrx_word' id='word_1_264' title='bbox 579 3637 730 3690; x_wconf 87' lang='lat' dir='ltr'><strong>editionem</strong></span> <span class='ocrx_word' id='word_1_265' title='bbox 751 3635 933 3700; x_wconf 85' lang='lat' dir='ltr'><strong>Orellianam‚</strong></span> <span class='ocrx_word' id='word_1_266' title='bbox 964 3640 1049 3705; x_wconf 88' lang='lat' dir='ltr'><strong>atque</strong></span> <span class='ocrx_word' id='word_1_267' title='bbox 1078 3634 1118 3688; x_wconf 90' lang='lat' dir='ltr'><strong>ita</strong></span> <span class='ocrx_word' id='word_1_268' title='bbox 1148 3632 1272 3702; x_wconf 90' lang='lat' dir='ltr'><strong>quidem,</strong></span> 
     </span>
     <span class='ocr_line' id='line_1_35' title="bbox 218 3724 1273 3800; baseline 0 -24"><span class='ocrx_word' id='word_1_269' title='bbox 218 3730 248 3777; x_wconf 91' lang='lat' dir='ltr'><strong>ut</strong></span> <span class='ocrx_word' id='word_1_270' title='bbox 268 3731 377 3780; x_wconf 90' lang='lat' dir='ltr'><strong>tantum</strong></span> <span class='ocrx_word' id='word_1_271' title='bbox 396 3728 516 3783; x_wconf 88' lang='lat' dir='ltr'><strong>maiores</strong></span> <span class='ocrx_word' id='word_1_272' title='bbox 537 3728 688 3795; x_wconf 88' lang='lat' dir='ltr'><strong>clausulas,</strong></span> <span class='ocrx_word' id='word_1_273' title='bbox 718 3746 792 3800; x_wconf 87' lang='lat' dir='ltr'><strong>quae</strong></span> <span class='ocrx_word' id='word_1_274' title='bbox 822 3729 851 3782; x_wconf 91' lang='lat' dir='ltr'><strong>in</strong></span> <span class='ocrx_word' id='word_1_275' title='bbox 881 3729 930 3791; x_wconf 83' lang='lat' dir='ltr'><strong>illa</strong></span> <span class='ocrx_word' id='word_1_276' title='bbox 960 3728 1066 3782; x_wconf 91' lang='lat' dir='ltr'><strong>maiore</strong></span> <span class='ocrx_word' id='word_1_277' title='bbox 1086 3726 1167 3795; x_wconf 83' lang='lat' dir='ltr'><strong>signo</strong></span> <span class='ocrx_word' id='word_1_278' title='bbox 1188 3724 1273 3778; x_wconf 89' lang='lat' dir='ltr'><strong>inter·</strong></span> 
     </span>
    </p>
   </div>
   <div class='ocr_carea' id='block_1_8' title="bbox 217 3843 422 3859">
    <p class='ocr_par' dir='ltr' id='par_1_13' title="bbox 217 3843 422 3859">
     <span class='ocr_line' id='line_1_36' title="bbox 217 3843 422 3859; baseline 0 0"><span class='ocrx_word' id='word_1_279' title='bbox 217 3843 422 3859; x_wconf 68' lang='lat'>-——-</span> 
     </span>
    </p>
   </div>
   <div class='ocr_carea' id='block_1_9' title="bbox 220 3886 1274 4129">
    <p class='ocr_par' dir='ltr' id='par_1_14' title="bbox 220 3886 1274 4129">
     <span class='ocr_line' id='line_1_37' title="bbox 289 3886 1273 3959; baseline -0.001 -19"><span class='ocrx_word' id='word_1_280' title='bbox 289 3890 312 3957; x_wconf 91' lang='lat'><strong>1)</strong></span> <span class='ocrx_word' id='word_1_281' title='bbox 331 3886 461 3944; x_wconf 84' lang='lat' dir='ltr'><strong>Consulto</strong></span> <span class='ocrx_word' id='word_1_282' title='bbox 488 3890 555 3943; x_wconf 86' lang='lat' dir='ltr'><strong>duas</strong></span> <span class='ocrx_word' id='word_1_283' title='bbox 584 3890 719 3944; x_wconf 87' lang='lat' dir='ltr'><strong>orationes</strong></span> <span class='ocrx_word' id='word_1_284' title='bbox 747 3890 828 3958; x_wconf 86' lang='lat' dir='ltr'><strong>elegi,</strong></span> <span class='ocrx_word' id='word_1_285' title='bbox 856 3906 923 3959; x_wconf 86' lang='lat' dir='ltr'><strong>quas</strong></span> <span class='ocrx_word' id='word_1_286' title='bbox 946 3889 1071 3942; x_wconf 88' lang='lat' dir='ltr'><strong>nonnulli</strong></span> <span class='ocrx_word' id='word_1_287' title='bbox 1088 3886 1195 3955; x_wconf 90' lang='lat' dir='ltr'><strong>spurias</strong></span> <span class='ocrx_word' id='word_1_288' title='bbox 1214 3901 1273 3940; x_wconf 87' lang='lat' dir='ltr'><strong>esse</strong></span> 
     </span>
     <span class='ocr_line' id='line_1_38' title="bbox 220 3970 1274 4044; baseline -0.007 -15"><span class='ocrx_word' id='word_1_289' title='bbox 220 3974 394 4029; x_wconf 81' lang='lat' dir='ltr'><strong>contendunt.</strong></span> <span class='ocrx_word' id='word_1_290' title='bbox 438 3974 586 4044; x_wconf 87' lang='lat' dir='ltr'><strong>Sperabam</strong></span> <span class='ocrx_word' id='word_1_291' title='bbox 614 3976 693 4042; x_wconf 86' lang='lat' dir='ltr'><strong>anim,</strong></span> <span class='ocrx_word' id='word_1_292' title='bbox 720 3976 763 4029; x_wconf 88' lang='lat' dir='ltr'><strong>his</strong></span> <span class='ocrx_word' id='word_1_293' title='bbox 792 3975 997 4044; x_wconf 84' lang='lat' dir='ltr'><strong>quaestionibus</strong></span> <span class='ocrx_word' id='word_1_294' title='bbox 1023 3974 1140 4028; x_wconf 85' lang='lat' dir='ltr'><strong>fortasse</strong></span> <span class='ocrx_word' id='word_1_295' title='bbox 1167 3970 1274 4039; x_wconf 86' lang='lat' dir='ltr'><strong>aliquid</strong></span> 
     </span>
     <span class='ocr_line' id='line_1_39' title="bbox 221 4058 906 4129; baseline 0 -17"><span class='ocrx_word' id='word_1_296' title='bbox 221 4058 357 4113; x_wconf 87' lang='lat' dir='ltr'><strong>contribui</strong></span> <span class='ocrx_word' id='word_1_297' title='bbox 374 4076 454 4129; x_wconf 86' lang='lat' dir='ltr'><strong>posse</strong></span> <span class='ocrx_word' id='word_1_298' title='bbox 472 4060 507 4114; x_wconf 90' lang='lat' dir='ltr'><strong>ad</strong></span> <span class='ocrx_word' id='word_1_299' title='bbox 524 4061 600 4115; x_wconf 88' lang='lat' dir='ltr'><strong>illam</strong></span> <span class='ocrx_word' id='word_1_300' title='bbox 618 4077 675 4116; x_wconf 88' lang='lat' dir='ltr'><strong>rem</strong></span> <span class='ocrx_word' id='word_1_301' title='bbox 695 4061 906 4116; x_wconf 87' lang='lat' dir='ltr'><strong>diiudicandam.</strong></span> 
     </span>
    </p>
   </div>
   <div class='ocr_carea' id='block_1_10' title="bbox 0 0 1510 4450">
    <p class='ocr_par' dir='ltr' id='par_1_15' title="bbox 0 0 1510 4450">
     <span class='ocr_line' id='line_1_40' title="bbox 0 0 1510 4450; baseline 0 0"><span class='ocrx_word' id='word_1_302' title='bbox 0 0 1510 4450; x_wconf 95' lang='lat' dir='ltr'><strong> </strong></span> 
     </span>
    </p>
   </div>
  </div>
 </body>
</html>
