3000 4450
677 239 867 302 ..12-

241 414 403 485 punctionis
424 409 458 479 (.)
479 412 522 466 vel
542 412 638 467 littera
656 411 817 467 maiuscula
837 412 985 467 distinctae
1009 419 1111 480 essent,
1142 417 1294 467 enotarem

240 507 418 577 Quamquam
436 506 511 561 enim
528 504 600 583 'nulli
620 503 721 558 editori
743 521 788 558 me
807 504 889 574 quasi
909 504 1072 560 addicturus
1101 522 1171 568 rum,
1200 512 1297 564 tamen

240 603 269 656 in
289 600 368 656 initio
388 600 496 654 cautius
516 598 614 669 putavi
633 616 677 653 me
697 599 738 653 ita
758 597 860 667 facere,
880 615 917 653 ne
937 598 1000 670 quis
1020 615 1064 653 me
1084 598 1187 651 nimiae
1206 597 1292 652 licen·

240 694 298 749 tiae
317 694 470 760 incusaret,
495 693 518 747 si
538 693 609 763 ipse,
635 692 687 746 ubi
708 700 782 746 esset
802 693 907 747 maiore
927 693 1009 763 signo
1028 693 1292 766 interpungendum,

240 785 290 840 ubi
310 787 426 852 minore,
447 786 589 840 destinare
609 786 716 840 vellem.
758 786 909 840 Praeterea
928 803 991 840 cum
1012 786 1103 861 editor
1122 783 1178 839 hoc
1191 800 1291 837 munus

239 879 379 933 laudabili
398 897 461 934 eum
481 880 629 950 diligentia
648 885 678 932 et
698 879 802 934 iudicio
823 878 1067 943 administraverit,
1088 887 1155 949 puto
1169 878 1241 945 fore,
1262 885 1293 930 ut

240 971 282 1025 vel
303 989 335 1027 cr
356 972 399 1026 his
419 974 487 1044 ipsis
507 973 611 1028 tabulis
632 973 720 1027 cuivis
742 991 788 1027 res
808 974 958 1043 perspicua
976 969 1034 1027 fiat.

315 1066 460 1121 Habemus
490 1067 578 1138 igitur
606 1067 635 1120 in
667 1065 731 1137 illis,
764 1084 834 1137 quas
859 1067 923 1131 diri,
952 1066 1125 1121 orationibus
1146 1067 1197 1120 has
1217 1064 1292 1119 clau·

238 1160 323 1217 sulas.
377 1176 380 1181 ’

505 1321 534 1384 Ι.
555 1320 624 1386 Pro
644 1321 782 1405 imperio
803 1321 859 1384 On.
880 1319 1021 1404 Pompei.

326 1441 341 1494 I
380 1441 405 1494 l.
428 1445 577 1508 susceptae
608 1454 672 1509 pro·

440 1532 594 1586 hibuerunt
684 1530 737 1585 Al

422 1624 669 1680 transmittendum

440 1719 538 1790 putavi
685 1715 708 1772 C

295 1811 296 1815 ’
374 1815 400 1868 ⁶2.
422 1818 590 1868 consecutus
685 1811 706 1864 C

425 1904 658 1977 praescriberetis
686 1905 707 1958 G

424 2019 486 2055 esse
506 2000 648 2053 duxerunt
684 1999 711 2053 A

374 2095 400 2148 3.
421 2093 545 2148 invenire
684 2089 707 2146 O

426 2186 546 2242 dicendo
587 2200 673 2256 quae-

438 2283 542 2333 rendus
563 2287 606 2333 est
684 2278 733 2331 BI

307 2371 336 2424 11
374 2373 401 2426 4.
423 2373 597 2427 arbitrantur
687 2372 709 2426 C

373 2466 400 2521 5.
420 2472 568 2535 praeterea
585 2466 670 2520 nemi·

433 2545 518 2612 nem
683 2560 707 2612 B

374 2652 399 2704 6.
421 2653 597 2705 considerate
684 2648 708 2705 C

352 2779 355 2780 ν
422 2761 483 2797 esse
503 2743 653 2798 dicendum
686 2748 713 2796 A

424 2837 626 2892 consulendum
686 2839 707 2892 C

298 2929 341 2983 111
380 2932 404 2985 7.
426 2931 488 2987 luce
509 2933 613 2986 versari
685 2933 710 2987 A

373 3025 401 3079 8.
421 3025 566 3080 victoriam
578 3042 674 3096 repor-

436 3126 557 3172 tarent·
679 3126 706 3174 A

422 3220 625 3281 superatusque

392 3319 395 3326 ·
436 3311 570 3375 regnaret
679 3310 706 3358 A

422 3397 499 3452 Sulla
519 3399 660 3453 revocavit
680 3398 732 3453 AI

291 3488 331 3545 IV
371 3490 397 3544 9.
418 3491 588 3546 dimicarctis
679 3494 706 3548 A

354 3584 399 3639 10.
420 3602 482 3650 esse
501 3585 649 3640 videantur
683 3586 734 3641 AI

352 3678 398 3734 11.
419 3679 625 3749 suscipiendum
639 3697 688 3750 pu·

434 3773 500 3827 tetis
686 3774 706 3828 C

307 3863 333 3914 V
420 3882 482 3919 esse
502 3865 611 3921 debetis
679 3869 706 3921 A

421 3960 608 4014 excruciatum
619 3977 668 4014 ne·

435 4052 509 4106 cavit
684 4052 705 4107 C

968 1435 1148 1492 interfectum
1171 1450 1213 1490 rc·

979 1527 1110 1600 linquetis
1226 1533 1253 1581 A

902 1625 947 1678 12.
967 1637 1133 1678 conservare
1156 1638 1213 1675 non
1250 1630 1252 1635 ’

981 1733 1066 1789 posse
1224 1715 1251 1767 A

968 1812 1042 1866 ferre
1062 1807 1171 1863 debetis
1223 1808 1250 1862 A

881 1946 885 1957 .
967 1906 1141 1960 arbitrantur
1229 1900 1250 1952 G

898 2000 943 2054 13.
964 2016 997 2054 ac
1017 1999 1175 2053 retardatos
1223 1998 1251 2048 A

967 2097 1157 2146 commoratur
1229 2088 1249 2142 C

840 2186 880 2241 VI
903 2186 946 2242 14.
968 2182 1150 2256 vectigalibus
1161 2199 1229 2253 aga·

977 2287 1022 2333 tur
1223 2275 1276 2329 AI

967 2371 1117 2427 antecellat
1228 2368 1249 2420 G

966 2463 1144 2519 defendenda
1221 2462 1248 2515 D

898 2561 943 2615 15.
964 2557 1047 2613 affert
1062 2557 1178 2611 calami·

977 2659 1066 2706 tatem
1169 2695 1171 2698 .
1222 2647 1274 2704 AI

964 2744 1140 2816 conquiescit
1226 2744 1248 2797 C

964 2845 1072 2892 terrore
1083 2837 1248 2893 amittiturB
1260 2836 1273 2889 Ι

896 2934 941 2987 16.
963 2931 1135 2985 arbitrentur
1224 2930 1247 2987 C

963 3025 1097 3080 liberatos
1225 3026 1246 3079 C

819 3120 875 3174 VII
899 3120 942 3174 17.
964 3118 1115 3187 diligenter
1223 3117 1246 3174 C

961 3231 1023 3268 esse
1043 3215 1147 3269 debent
1223 3212 1246 3269 C

962 3322 1024 3360 esse
1045 3307 1169 3362 dicemus
1219 3309 1244 3363 A
1282 3353 1285 3358 ,
1374 3355 1376 3358 .

894 3400 940 3454 18.
961 3401 1114 3456 collocatas
1140 3399 1188 3454 ha

977 3494 1046 3548 bent
1222 3494 1247 3545 B
1326 3557 1328 3560 Ι

965 3604 1026 3641 esse
1047 3604 1102 3641 non
1123 3603 1206 3656 posse
1219 3589 1247 3639 A

964 3689 1079 3752 propter
1089 3679 1246 3734 timoremc

895 3776 939 3828 19.
961 3774 1117 3829 concidisse
1223 3772 1247 3829 O
1299 3772 1302 3776 ’

962 3868 1077 3922 trahant
1096 3867 1210 3922 calami-

975 3969 1062 4017 tatem
1221 3961 1273 4016 AI

961 4063 1037 4109 motu
1059 4056 1210 4112 concidant
1224 4054 1272 4109 BI
