3000 4450
699 249 888 312 ..46-

267 429 345 483 fecta
364 435 448 498 atque
468 425 607 486 absolata,
628 425 748 493 ideoque
769 439 862 477 rocem
883 423 911 476 in
931 421 987 475 fine
1007 423 1177 477 descendere
1198 432 1227 478 et
1239 423 1322 493 quasi

267 522 442 591 requiescere
462 536 576 573 necesse
596 524 647 571 est.
688 515 765 585 Ergo
785 516 808 568 si
827 515 876 568 tali
902 516 983 573 modo
1009 516 1164 570 sententiae
1190 516 1263 570 inter
1288 535 1319 570 se

267 614 449 683 copulentur,
475 611 504 664 in
525 629 559 664 ea
579 625 652 679 qnae
672 609 757 678 plane
777 607 907 661 absoluta
927 623 983 660 non
1004 608 1054 673 sit,
1080 607 1234 662 clausulam
1262 598 1319 664 non

267 707 465 779 postulandum
485 722 555 769 esse,
576 721 609 757 ex
629 721 663 757 eo
683 704 790 769 elucet,
817 704 891 772 quod
917 702 1001 772 paulo
1026 710 1092 755 ante
1116 703 1152 757 de
1178 705 1320 758 clausulae

267 809 370 855 natura
395 816 429 853 ac
453 799 478 850 vi
502 797 627 851 diximus.
669 795 902 848 Percurrentibus
930 800 1024 848 autem
1050 794 1132 849 nobis
1162 795 1321 851 Roscianae

268 896 373 965 primas
394 891 587 964 paragraphos
607 890 859 959 duodesexaginta,
880 890 951 943 haec
966 889 1098 958 exempla
1110 888 1222 945 obviam
1236 888 1319 944 finnt:

345 989 370 1039 V
394 987 440 1041 13:
461 985 571 1038 Etenim
597 985 665 1054 quid
690 984 767 1037 aliud
792 984 845 1035 hoc
871 983 973 1036 iudicio
997 989 1133 1047 tentatur,
1162 984 1213 1037 nisi
1238 992 1268 1038 ut
1291 986 1321 1039 id

269 1078 329 1133 fieri
343 1073 450 1134 liceat?
470 1082 614 1130 Accusant
632 1076 652 1129 ii
673 1082 727 1130 etc.
761 1075 848 1129 Ibid:
870 1079 1014 1129 Accusant
1027 1076 1055 1141 ii,
1076 1075 1122 1145 qui
1143 1077 1171 1128 in
1191 1076 1319 1131 fortunas

268 1173 352 1227 huius
372 1173 546 1225 invaserunt:
568 1185 682 1224 causam
703 1168 772 1222 dicit
792 1168 825 1235 is,
846 1169 891 1222 cui
911 1175 1022 1237 praeter
1043 1168 1232 1223 calamitatem
1252 1171 1322 1223 nihil

268 1266 451 1335 reliquerunt.
490 1267 637 1316 Accusant
657 1261 691 1325 ii,
717 1260 821 1330 quibus
845 1260 936 1315 occidi
962 1267 1070 1330 patrem
1090 1261 1119 1315 S.
1140 1261 1226 1316 Rosci
1245 1261 1321 1315 bono

269 1358 338 1412 fuit:
365 1373 480 1410 causam
500 1356 568 1410 dicit
587 1355 623 1424 is,
645 1355 690 1409 cui
710 1371 767 1407 non
788 1355 871 1408 modo
892 1355 999 1408 luctum
1019 1371 1093 1408 mors
1112 1356 1200 1424 patris
1220 1356 1322 1425 attulit,

269 1452 469 1507 verumetiam
490 1456 654 1521 egestatem.
693 1453 840 1503 Accusant
860 1449 894 1513 ii,
920 1450 968 1519 qui
988 1449 1062 1503 hunc
1082 1451 1172 1520 ipsum
1193 1450 1321 1519 iugulare

269 1562 376 1598 summe
401 1544 559 1612 cupierunt:
591 1557 706 1596 causam
731 1542 800 1594 dicit
824 1541 860 1607 is,
886 1542 934 1612 qui
958 1581 967 1597 .
992 1583 998 1597 .
1024 1581 1031 1595 .
1057 1581 1063 1596 .
1090 1559 1151 1596 cam
1182 1543 1322 1611 praesidio

270 1637 354 1703 venit,
375 1655 410 1689 ns
431 1674 556 1690 .....
578 1640 643 1688 ante
664 1633 761 1688 oculos
782 1642 888 1689 vestros
901 1636 1064 1689 trucidetur.
1097 1636 1226 1705 Denique
1240 1652 1324 1689 accu-

270 1730 388 1797 santii,
409 1744 479 1798 quos
500 1728 620 1797 populus
641 1727 744 1797 poscit:
771 1744 885 1780 causam
905 1729 974 1782 dicit
992 1728 1028 1797 is,
1049 1729 1097 1797 qui
1117 1744 1189 1781 unus
1209 1729 1322 1782 relictus

271 1841 309 1879 ex
328 1839 424 1877 eorum
444 1820 553 1875 nefaria
573 1823 661 1874 caede
682 1825 779 1875 restat.

347 1913 435 1985 (Ergo
449 1914 493 1968 bis
507 1913 650 1968 clausulae
665 1912 858 1966 vitiosissimas
872 1913 1011 1967 admissae
1025 1920 1098 1980 sunt,
1120 1911 1163 1966 bis
1177 1913 1323 1967 clausulae

270 2025 326 2064 non
347 2008 503 2062 reiciendas
523 2005 588 2059 illae
609 2006 730 2075 quidem,
753 2005 801 2058 sed
821 2011 915 2059 tamen
936 2023 1034 2074 parum
1054 2002 1177 2076 graves).

346 2100 401 2155 Vll
423 2100 470 2153 18:
493 2099 582 2177 Spero
603 2117 640 2152 ex
660 2099 714 2154 hoc
734 2099 797 2168 ipso
823 2115 879 2152 non
904 2115 964 2153 esse
988 2099 1150 2167 obscurum,
1178 2101 1214 2154 ad
1239 2117 1324 2169 quem

270 2193 391 2263 suspicio
416 2189 540 2246 malnfici
569 2192 724 2261 pertineat;
756 2207 850 2246 verum
875 2191 917 2260 id,
949 2193 1024 2262 quod
1050 2192 1140 2248 adhuc
1166 2201 1209 2248 est
1234 2195 1324 2264 suspi-

270 2288 375 2341 ciosum
399 2292 451 2339 etc.

347 2381 389 2433 IX
410 2381 462 2433 23:
483 2378 670 2448 intellegitur,
691 2379 806 2446 iudices
828 2378 855 2432 id
877 2378 951 2448 quod
972 2380 1027 2432 iarn
1049 2387 1114 2433 ante
1134 2379 1200 2446 dixi,
1221 2379 1326 2448 impru-

269 2474 354 2527 dente
372 2473 404 2525 L.
427 2472 506 2526 Sulla
530 2474 637 2526 scelera
660 2473 733 2526 haec
758 2478 785 2524 et
809 2471 917 2540 flagitia
938 2471 1010 2525 fieri:
1037 2489 1100 2526 nam
1121 2473 1214 2526 statim
1234 2471 1324 2540 Chry·

270 2583 361 2637 genus
382 2574 435 2621 etc.

270 2660 314 2713 XI
334 2660 385 2714 30:
407 2659 480 2725 Quid
502 2658 538 2713 ab
558 2659 602 2712 his
623 2664 665 2712 tot
685 2656 828 2713 maleficiis
843 2659 955 2712 sceleris
969 2657 1069 2712 abesse
1083 2658 1209 2712 videtur?
1228 2665 1325 2711 tamen

270 2753 342 2806 haec
362 2752 424 2805 aliis
444 2749 558 2804 nefariis
579 2751 724 2804 cumulant
745 2758 830 2821 atque
850 2752 1000 2821 adaugent.

346 2842 420 2898 XIII
440 2845 490 2898 37:
514 2844 656 2897 Occidisse
670 2852 779 2913 patrem
793 2845 858 2898 Sex.
873 2845 990 2898 Roscius
1005 2845 1143 2913 arguitur:
1166 2844 1325 2910 scelestum,

270 2937 299 2991 di
318 2937 499 3005 immortales,
520 2955 554 2991 ac
574 2937 712 2992 nefarium
732 2937 851 2991 facinus.

347 3029 445 3098 (Vides
467 3031 684 3100 appositionem,
706 3031 734 3083 id
756 3031 830 3100 quod
850 3029 974 3100 postulat
993 3028 1040 3083 lex
1059 3029 1230 3097 syntecticis,
1257 3045 1322 3081 cum

269 3125 448 3180 antecedenti
470 3123 609 3176 sententia
628 3140 685 3177 uno
705 3131 803 3177 tenore
826 3140 887 3176 csse
907 3117 1165 3192 pronuntiandam).

345 3213 416 3273 XVI
435 3216 484 3271 45:
507 3218 628 3285 Quaeso,
648 3217 743 3283 Eruci,
763 3222 795 3269 ut
813 3217 884 3270 haec
904 3217 932 3270 in
946 3215 1049 3271 bonam
1063 3221 1170 3285 partem
1186 3214 1323 3283 accipias;

267 3326 325 3364 non
346 3310 418 3363 enim
439 3310 628 3379 exprobrandi
649 3327 735 3363 causa
755 3315 809 3362 ete.

345 3397 415 3456 XVI
434 3401 484 3455 48:
507 3442 513 3456 .
536 3443 543 3458 .
565 3444 571 3457 .
594 3443 600 3456 .
631 3402 793 3468 considera,
819 3442 825 3457 .
847 3443 854 3455 .
874 3441 882 3456 .
904 3444 911 3458 .
937 3418 1011 3473 quae
1035 3402 1129 3456 studia
1152 3419 1169 3455 a
1193 3400 1322 3472 patribus

214 3529 216 3533 ,
268 3493 391 3548 familias
412 3495 532 3549 maxime
552 3495 715 3549 laudentur:
738 3494 794 3548 iam
814 3495 940 3565 profecto
961 3502 989 3549 tc
1009 3496 1155 3565 intelleges
1175 3502 1229 3549 etc.

344 3583 445 3640 XVIII
464 3589 514 3642 52:
543 3587 649 3649 Audio;
676 3604 753 3640 nunc
773 3586 843 3641 dicis
863 3587 983 3659 aliquid,
1006 3589 1082 3658 quod
1102 3590 1138 3642 ad
1159 3606 1217 3641 rem
1237 3587 1322 3656 perti·

267 3688 347 3735 neat:
368 3698 434 3735 nam
448 3682 501 3749 illa,
517 3681 626 3752 opinor,
640 3688 672 3735 tu
686 3698 799 3752 quoquc
813 3682 942 3736 concedis
956 3681 1028 3736 levia
1041 3699 1101 3735 esse
1115 3688 1199 3751 atquc
1212 3682 1318 3750 inepta.

343 3769 402 3826 XX
421 3775 471 3828 56:
494 3774 534 3828 At
565 3774 642 3828 fures
676 3775 867 3830 internoscere
900 3792 956 3828 non
989 3782 1117 3845 possunt:
1157 3773 1320 3844 significant

266 3870 361 3921 tamen
382 3873 435 3921 etc.

343 3955 401 4012 XX
421 3959 471 4015 57:
493 3960 640 4015 Simillinra
664 3968 708 4015 est
731 3967 926 4016 accusatorum
947 3961 1031 4015 ratio:
1055 3961 1102 4016 alii
1123 3969 1243 4017 vestrum
1269 3980 1319 4016 an·

267 4073 343 4111 seres
364 4063 429 4110 sunt
449 4097 570 4114 .....
579 4099 586 4128 ,
608 4057 656 4112 alii
676 4073 761 4111 canes
781 4063 834 4113 etc.
