3000 4450
634 237 825 307 ..13¹-

280 468 284 481 ,
393 418 582 474 defendantur
648 415 676 470 D

234 517 306 571 VIII
327 516 373 570 20.
394 511 677 584 pertimescendumA

393 624 456 661 esse
474 606 622 659 videantur
650 600 702 656 AI

323 702 369 757 2l.
390 716 451 755 esse
470 704 552 768 gesta
653 692 677 749 O

393 810 455 848 esse
473 791 619 845 laudatum
648 792 677 841 A

261 888 305 945 IX
325 888 372 944 22.
391 903 454 941 esse
473 883 579 939 bellum
654 878 677 936 O

393 978 490 1050 quaeri
510 976 619 1030 videtur
657 972 678 1027 G

393 1068 583 1142 prosequendi
601 1085 643 1121 re-

408 1165 536 1219 tardaret
651 1164 678 1213 A

393 1273 504 1311 omnem
522 1251 636 1324 reliquit
653 1251 674 1304 G

392 1348 523 1423 manibus
543 1342 715 1415 effugitAIl

393 1441 504 1497 taetitia
515 1437 638 1494 tardavit
651 1430 714 1489 All

264 1578 265 1581 η
323 1538 369 1594 23.
390 1534 550 1590 concitatae
570 1536 636 1584 sunt
649 1533 677 1582 A

392 1626 547 1683 exercitum
571 1624 620 1677 ad·

360 1730 361 1737 ’
406 1702 520 1775 ducturn
650 1718 678 1767 A

393 1810 609 1868 concitabantur
650 1813 679 1862 A

393 1901 619 1962 commevebatur
649 1905 678 1954 A

324 2000 369 2056 24.
390 2002 573 2070 quaereretur
652 1994 675 2052 Ο

394 2092 539 2146 nationum
562 2091 637 2145 iuva·

407 2184 493 2240 batur
649 2188 677 2240 A

395 2296 456 2333 esse
476 2278 602 2333 videatur
650 2279 703 2333 AI

324 2373 371 2430 25.
392 2388 478 2426 ausus
498 2378 596 2441 optare
649 2377 677 2440 A

392 2466 526 2534 impetum
546 2463 614 2520 fecit
650 2470 678 2518 A

392 2574 487 2612 rumor
506 2555 619 2611 afferret
650 2561 686 2610 A,

323 2653 369 2707 26.
391 2649 538 2704 Glabrioni
557 2656 611 2704 tra-

407 2743 480 2797 didit
654 2742 703 2797 BI

394 2837 514 2891 exercitu
535 2838 616 2907 pulso
651 2835 677 2891 A

394 2945 457 2983 esse
477 2930 604 2985 videatur
652 2929 704 2985 AI

278 3021 308 3078 X
327 3023 372 3078 27.
394 3020 613 3093 praeficiendum

406 3115 543 3184 putaretis
653 3120 679 3169 A

308 3189 311 3192 ¹
395 3206 509 3261 dubium
529 3206 625 3262 facere

407 3300 498 3370 possit
653 3298 704 3354 AI

326 3394 372 3449 28.
393 3392 556 3446 felicitatem
660 3392 680 3446 C

398 3485 509 3539 erudita
657 3484 679 3540 O

396 3577 437 3632 rei
456 3577 588 3646 publicae
656 3581 680 3632 B

397 3670 650 3741 scientiamfugere

396 3764 485 3834 possit
655 3765 707 3818 ΑΙ

269 3854 312 3909 ΧΙ
333 3858 378 3911 29.
400 3858 488 3928 possit
508 3856 609 3911 afferre
653 3862 681 3910 A

329 3950 374 4005 30.
395 3967 452 4004 non
472 3933 586 4004 luerunt
649 3945 680 4003 'C

327 4042 373 4097 31.
395 4049 479 4113 atque
499 4048 596 4113 portus
661 4042 681 4095 C

915 421 965 468 ut
984 415 1085 469 lateret
1196 422 1216 475 C

934 509 1083 577 navigaret
1193 513 1216 569 C

934 598 1033 654 confici
1053 619 1137 671 posse
1168 628 1169 639 ¹
1190 608 1216 661 A

864 691 911 748 32.
931 709 1002 747 esse.
1014 695 1153 751 sociorum
1193 698 1243 754 AI

933 785 1090 858 longinqua
1104 806 1180 846 com·

947 895 1070 934 memoro
1198 913 1237 931 «-

935 978 1012 1028 tecta
1030 974 1183 1035 defendere
1197 980 1220 1034 Β

937 1083 1046 1123 summa
1074 1074 1164 1126 trans-

948 1159 1073 1216 miserint
1197 1168 1247 1221 BI

935 1258 1105 1321 potestatem
1118 1274 1181 1328 per-

950 1346 1076 1400 venerint
1196 1353 1246 1406 ΒΙ

865 1435 911 1491 33.
930 1445 1071 1507 potestate
1085 1441 1182 1497 sciatis

948 1522 996 1599 (de
1014 1533 1067 1587 hac
1081 1533 1208 1592 clausula
1313 1524 1316 1529 ’

948 1623 984 1687 cf.
1005 1620 1093 1695 infra)
1202 1662 1239 1674 ·-

935 1731 997 1772 esse
1011 1719 1152 1790 direptum
1193 1723 1219 1778 A

934 1824 996 1862 esse
1016 1811 1142 1868 sublatos
1193 1816 1219 1871 A

934 1908 1019 1972 atque
1045 1921 1182 1976 oppressa

945 2003 989 2050 est
1060 2000 1068 2029 l
1193 2003 1221 2057 D

931 2090 1053 2144 audiatis
1196 2093 1220 2151 C

866 2181 911 2236 34.
932 2186 1142 2252 praetereunda

904 2292 1003 2330 non
1024 2285 1091 2331 sunt
1198 2281 1220 2334 O

934 2369 1127 2442 classibusque

950 2463 1065 2517 munivit
1192 2467 1220 2522 A

866 2553 912 2611 35.
933 2556 1102 2611 dediderunt
1200 2559 1222 2614 G

935 2649 1082 2719 imperavit
1203 2654 1225 2707 O
1314 2656 1319 2670 “

936 2749 1043 2797 aestate
1061 2743 1182 2799 confecit
1195 2745 1223 2801 A

773 2831 848 2887 XIII
868 2836 914 2891 36.
935 2836 1020 2904 quani
1040 2837 1145 2892 multae

949 2934 1013 2982 sunt
1192 2931 1220 2984 D

935 3019 1106 3090 comitesque
1126 3021 1179 3076 vir·

950 3113 1018 3165 tutis
1194 3115 1222 3171 A

938 3206 1147 3261 consideremus
1202 3207 1223 3262 G

937 3297 1063 3367 intellegi
1074 3307 1224 3370 possuntA

783 3433 787 3440 ,
869 3392 914 3446 37.
936 3400 1055 3462 quaestu
1075 3394 1138 3449 reli·

950 3488 1043 3558 querit
1199 3488 1224 3542 E
1313 3523 1321 3550 t

936 3578 1065 3634 confiteri
1204 3580 1224 3633 C

936 3671 1031 3727 ferant
1044 3672 1106 3743 quis
1117 3672 1195 3744 igno·

951 3772 996 3819 rat
1197 3772 1225 3822 A

801 3883 808 3893 ·
869 3855 914 3910 38.
936 3857 1101 3911 existimetis
1200 3857 1224 3915 C

939 3966 1001 4003 esse
1021 3952 1129 4006 deletas
1197 3960 1224 4008 A

937 4042 1044 4098 indices
1058 4060 1114 4098 non
1125 4044 1185 4098 vult
1196 4049 1224 4098 A
