3000 4450
630 221 672 257 θ’·
708 246 717 262 ο
752 245 761 262 s
805 228 938 266 ⁰⁸⁸‘··.

625 272 634 290 ·
686 270 762 339 tt·

611 304 695 369 ‘'s-‚⁰0
731 300 839 356 0:70¹:-
877 306 997 340 '0⁸⁸⁸'
1024 301 1060 319 Η

179 452 254 530 περὶ
276 447 330 530 τῆς
352 441 459 524 ἑτέρας
482 439 611 520 ἀγωνιῶ
634 436 733 507 navt)
748 439 785 505 ‘0
807 444 867 522 μὲν
888 436 953 519 γὰρ
977 437 1021 513 εἷς
1044 435 1149 518 αὐτῶν
1171 435 1236 523 ὅφ-

182 545 311 629 deiude
333 543 351 631 ἡ
376 549 529 629 Θηβαίων
551 543 733 609 ἐκκέκοπται
756 537 891 616 πόλιςΒ

265 646 313 712 At
346 648 382 711 δὲ
403 644 513 720 πόλεις
547 642 582 708 αἱ
605 645 740 727 πλησίον
774 641 902 706 ἔκλαιον
934 639 990 724 τὴν
1022 641 1127 716 πόλιν,
1151 638 1236 721 duai-

187 769 240 813 σοι
263 748 318 835 τὴν
340 745 494 828 πρότερον
515 744 616 811 οὖσαν
638 741 735 810 οὐκέτ’
759 738 902 807 adsumo

265 849 382 914 Aesrdv
403 847 459 933 τὴν
480 848 590 931 χώραν
613 847 759 930 ἄσπορον
781 848 865 909 εἶναι
887 844 943 928 τὴν
971 842 1043 917 τοὺς
1065 841 1236 924 §nupturis

183 946 377 1017 serotinum

264 1182 353 1236 Vides
378 1181 518 1236 clausulas
543 1198 603 1235 curn
625 1179 818 1234 Ciceronianis
843 1179 946 1249 optime
973 1181 1129 1234 convenire.
1170 1178 1241 1235 Nam

182 1276 242 1327 fere
262 1273 400 1327 babemus
420 1273 525 1327 formas
546 1277 585 1341 A,
609 1271 672 1340 AI,
693 1271 773 1335 All,
793 1273 831 1338 B,
852 1269 883 1325 O.
908 1270 1053 1350 ,Varietas
1073 1272 1145 1325 inter
1165 1273 1240 1326 elau-

184 1367 258 1420 sulas
284 1373 326 1420 est
351 1366 435 1420 stiam
460 1366 551 1420 minor
577 1381 660 1437 quam
686 1365 761 1436 apud
787 1363 963 1432 Ciceronem,
991 1367 1123 1436 quoniam
1147 1373 1175 1420 et
1199 1366 1240 1420 di-

185 1457 381 1513 trochaeorum
407 1458 554 1513 immodica
579 1457 767 1525 abundantia,
799 1474 871 1528 quae
901 1457 943 1511 vel
968 1476 999 1510 ex
1030 1458 1072 1511 his
1103 1457 1238 1528 exemplis

184 1550 265 1605 nobis
287 1550 396 1605 obviam
417 1549 456 1619 fit,
476 1569 538 1605 eum
560 1568 608 1618 eo,
630 1551 705 1621 quod
726 1549 825 1604 cicero
846 1551 881 1603 de
902 1549 1071 1604 Asianorum
1092 1569 1143 1606 usu
1163 1551 1239 1618 dicit,

182 1644 266 1715 plane
286 1644 424 1713 congruit,
446 1649 474 1698 et
494 1643 621 1698 clausula
641 1642 691 1696 Al
711 1642 864 1701 innumeris
885 1642 954 1696 loeis
974 1643 1094 1712 repetita
1113 1642 1238 1697 taedium

182 1745 291 1792 movete
322 1737 423 1807 Itaque
448 1736 547 1791 Oioero
572 1752 623 1790 suo
648 1735 708 1789 iure
731 1750 862 1789 numeros
888 1733 1054 1789 Asianorum
1084 1736 1238 1805 reprendit

182 1831 237 1886 Sed
258 1831 317 1902 ipse
339 1830 376 1884 ab
396 1831 431 1883 iis
452 1845 507 1883 non
528 1845 632 1899 genere
653 1828 777 1882 diversus
797 1834 854 1891 est,
882 1829 930 1882 sed
950 1830 1049 1898 gradu.
1091 1827 1144 1881 Hie
1164 1827 1240 1881 olau-

183 1926 251 1979 sulis
272 1941 334 1979 eum
355 1922 547 1977 moderatione
567 1921 654 1976 utitur
674 1937 727 1974 nee
747 1921 801 1974 nisi
822 1937 872 1974 suo
899 1921 974 1983 loeo,
996 1921 1133 1989 Hegesias
1158 1920 1239 1974 nimis

184 2017 369 2072 abundanter.
410 2015 463 2080 Qui
489 2031 537 2068 eas
562 2030 619 2069 non
646 2014 729 2068 modo
755 2014 783 2065 in
810 2013 1001 2084 periodorum,
1030 2014 1078 2069 sed
1106 2014 1189 2068 etiam
1210 2014 1239 2068 in

184 2110 313 2165 colorum
336 2107 390 2163 fine
411 2108 482 2162 solet
501 2121 615 2178 ponere.

261 2219 417 2276 Continuus
436 2217 499 2272 illos
519 2234 659 2281 numeros,
680 2215 781 2288 quibus
802 2214 994 2283 (liberorum,
1015 2215 1152 2286 Hegesias
1173 2234 1241 2288 quo-

184 2314 226 2370 ris
249 2313 312 2368 loeo
337 2313 437 2376 utitur,
464 2314 539 2382 apud
563 2312 725 2382 Magnetum
752 2310 812 2365 fere
835 2312 949 2365 eosdem
975 2328 1036 2365 esse
1066 2319 1150 2382 atque
1180 2328 1238 2380 eos,

184 2424 254 2479 quos
275 2408 302 2461 in
324 2406 460 2462 Cicerone
480 2404 697 2472 observavimus,
717 2405 807 2475 primo
827 2403 926 2459 obtutu
948 2405 1032 2459 vides.

262 2497 416 2554 Infelieiter
445 2500 563 2568 aeeidit,
593 2501 668 2571 quod
699 2507 854 2555 ceterorum
882 2498 1049 2555 Asianorum
1079 2499 1238 2570 fragmenta

185 2591 245 2645 fere
266 2591 344 2645 nulla
362 2591 508 2648 habemus.
549 2592 604 2647 Sed
624 2592 667 2646 his
688 2609 783 2647 eorum
804 2592 939 2662 principis
954 2592 1093 2664 Hegesiae
1113 2593 1238 2664 reliquiis

185 2682 230 2752 fit,
262 2691 294 2738 ut
320 2684 367 2740 illa
394 2686 485 2740 minus
515 2685 711 2741 desideremus.
752 2686 821 2740 Mihi
852 2686 963 2756 quidem
993 2704 1157 2758 persuasum
1187 2695 1238 2752 est,

185 2778 316 2835 Ciceroni
335 2796 464 2834 numeros
485 2796 542 2834 non
563 2779 624 2834 illos
645 2780 757 2851 quidem
777 2779 814 2835 ab
835 2779 958 2851 Hegesia
978 2780 1039 2850 ipso
1060 2779 1137 2848 (nam
1162 2782 1237 2837 hune

186 2874 297 2945 penitus
322 2867 554 2945 contempserat),
578 2873 627 2928 sed
653 2872 690 2927 ab
716 2874 773 2927 alio
798 2873 891 2944 aliquo
923 2879 1034 2927 oratore
1057 2873 1169 2929 Rhodio
1193 2875 1237 2928 rel

186 2967 294 3020 Asiane
314 2968 430 3021 traditos
451 2983 521 3021 esse.

265 3056 385 3122 Quando
407 3063 501 3111 autem
515 3058 683 3112 Asianorum
698 3058 807 3112 numeri
821 3058 947 3128 adoptati
962 3058 1017 3111 sint
1030 3058 1066 3114 ab
1080 3059 1238 3116 oratoribus

187 3147 334 3211 Romanis,
355 3164 411 3203 uon
432 3149 548 3220 perinde
567 3148 651 3205 facile
671 3156 714 3203 est
733 3151 769 3206 ad
790 3150 1007 3206 diiudicandum.
1042 3152 1071 3207 C.
1090 3152 1240 3223 Grsobum,

187 3247 218 3295 ut
244 3239 358 3295 omnino
384 3257 439 3295 non
466 3241 581 3296 multum
606 3229 730 3297 traxerit
745 3260 783 3297 ex
808 3241 979 3299 Graecorum
1006 3244 1173 3315 imitatione,
1201 3247 1240 3302 ita

185 3332 308 3389 numeris
329 3349 441 3405 quoque
460 3350 518 3389 non
538 3335 687 3403 studuisse,
708 3337 756 3390 sed
771 3337 883 3392 dicendi
896 3354 1000 3408 genere
1013 3339 1103 3408 magis
1116 3338 1238 3410 ingenuo

186 3434 272 3499 atque
292 3426 434 3508 incompto
456 3444 534 3481 usum
555 3426 651 3497 luisse,
671 3426 894 3500 fragmentorum
907 3428 982 3485 baud
996 3431 1143 3486 mediocris
1158 3431 1240 3503 eopia

185 3519 284 3575 testari
304 3519 420 3574 ridetur.
462 3519 568 3574 contra
588 3518 619 3577 0.
640 3519 815 3590 Carbonem,
841 3522 889 3593 qui
909 3521 1003 3578 Sullae
1026 3524 1152 3595 aequalis
1176 3522 1239 3591 fuit,

185 3612 308 3668 numeris
327 3629 409 3667 nsum
429 3629 507 3680 esse,
529 3610 628 3668 Cicero
648 3620 724 3669 certe
744 3614 871 3670 eredidit.
912 3615 966 3681 Qui
986 3633 1048 3669 eum
1068 3615 1149 3670 affert
1169 3616 1240 3670 eele-

187 3702 337 3758 berrimum
362 3705 438 3760 illum
463 3706 554 3759 locum
579 3722 616 3760 ex
640 3706 699 3762 sius
726 3707 868 3776 oratioue,
893 3706 1026 3762 dichoreo
1050 3708 1102 3763 hoe
1132 3706 1239 3777 tribuit,

188 3796 264 3866 quod
289 3803 383 3853 tantus
407 3800 484 3853 illum
505 3799 659 3870 applausus
679 3801 776 3872 populi
797 3807 910 3855 seculus
930 3801 974 3856 sit.
1014 3799 1070 3855 Sed
1090 3798 1188 3854 Cicero
1208 3799 1237 3852 iu

188 3886 307 3944 Oratore
327 3890 362 3943 de
382 3908 497 3947 numero
517 3892 658 3947 disserens
677 3910 734 3948 non
755 3895 839 3965 plane
859 3893 968 3963 integer
986 3892 1064 3946 testis
1079 3898 1121 3946 est
1133 3890 1239 3945 haben·

188 3982 253 4047 dus3
275 3989 337 4038 oum
357 3984 429 4042 enim
448 4003 579 4042 numeros
600 4003 676 4056 suos,
705 3987 754 4058 qui
777 4004 839 4041 eum
858 3986 919 4041 aliis
939 3984 1031 4040 multis
1052 3982 1238 4053 displicebant
