3000 4450
630 227 819 292 ..51-

190 405 236 458 11:
249 398 319 457 Pbil.
341 399 469 459 XXXIV
490 402 534 471 86,
557 420 640 475 quem
661 402 753 459 locum
773 402 855 458 affert
875 403 989 472 Wuest,
1011 402 1116 460 nullam
1136 404 1244 460 clausu·

190 484 246 552 lam
266 497 453 552 necessariam
473 515 534 552 esse
554 497 643 568 primo
664 498 762 553 obtutu
785 497 870 552 vides.
912 496 969 552 Cfi:

267 591 390 660 Supplex
411 598 437 644 te
459 591 494 644 ad
516 592 602 660 pedes
622 590 784 659 abiciebas3
804 591 869 662 quid
890 591 1007 660 petens?
1038 596 1068 645 ut
1089 591 1225 645 servires?

264 684 344 738 Haec
370 683 429 737 sine
453 683 539 738 dubio
565 700 620 739 uno
645 691 741 741 tenore
765 683 959 754 proferuntur,
989 685 1156 754 praesertim
1182 702 1247 739 eum.

190 778 347 849 syntectico
368 778 476 831 ratione
496 779 570 833 iuter
589 797 619 833 se
639 779 818 863 cohaereant,
861 778 1034 863 Comicorum
1056 785 1147 833 autem
1168 778 1244 832 testi-

191 873 293 940 monia,
314 890 350 924 ex
370 870 471 941 quibus
491 872 593 926 Wuest
618 872 762 927 concludit
782 871 906 937 abicere,
928 873 1056 926 conicere
1077 890 1138 926 esse
1150 872 1245 942 legen-

191 965 265 1032 dum,
286 981 341 1019 non
363 965 390 1018 in
412 963 541 1019 omuibus
564 964 647 1022 rebus
668 966 761 1020 valere
783 966 817 1020 ad
841 964 981 1019 Ciceronis
1002 980 1105 1019 morem
1126 981 1244 1036 eognos-

192 1060 320 1126 cendum,
341 1059 396 1113 iam
418 1075 503 1129 supra
522 1058 625 1113 monui.

674 1169 689 1231 t
711 1168 754 1223 10.

333 1278 456 1359 Unde
491 1277 640 1369 Cicero
663 1303 871 1373 ¹numeros
904 1276 1100 1358 didicerit.

268 1430 313 1486 Ab
334 1431 394 1501 ipso
417 1431 550 1485 Cicerone
570 1436 657 1484 totam
678 1431 751 1487 hauc
779 1438 867 1486 artem
887 1444 1064 1485 numerorum
1088 1429 1244 1502 profectam

191 1538 265 1593 esse,
297 1540 388 1595 neque
409 1542 460 1595 per
486 1542 516 1577 se
541 1524 689 1577 verisimile
714 1531 757 1579 est
780 1542 871 1596 neque
896 1542 957 1578 oum
988 1525 1047 1580 eius
1077 1523 1245 1580 testimoniis

191 1617 336 1672 conciliari
362 1623 462 1687 potest.
504 1615 561 1672 Sed
582 1618 630 1688 qui
655 1624 721 1673 ante
746 1635 790 1673 mc
821 1618 895 1672 hanc
925 1617 1118 1689 quaest-ionem
1148 1617 1244 1686 attigit

190 1711 303 1778 Wuest,
329 1711 436 1765 videtur
456 1711 524 1764 mihi
543 1711 634 1779 multo
651 1711 733 1781 plura
753 1710 852 1766 Cicero
872 1710 996 1765 tribuere
1017 1727 1101 1781 quam
1121 1726 1174 1779 par
1194 1715 1244 1765 cst.

190 1805 278 1858 Putat
301 1804 373 1877 enim
398 1803 559 1858 Ciceronem
582 1805 695 1873 regulas
721 1802 894 1859 Graecorum
923 1805 959 1859 ad
985 1802 1104 1857 Latinae
1128 1801 1243 1872 liuguae

189 1897 312 1956 indolem
333 1895 523 1951 conformasse
544 1903 628 1967 atque
648 1897 784 1952 nonnulla
803 1903 935 1952 mutasse.
969 1895 1014 1951 cf.
1035 1914 1059 1949 e.
1080 1912 1103 1950 c.
1124 1911 1245 1965 eaquae

189 1990 258 2043 dicit
277 1990 313 2043 de
332 2007 440 2060 paeane
454 2007 472 2044 a
487 1989 621 2044 Cicerone
640 2007 697 2045 non
717 1990 844 2044 adhibito
865 2008 893 2060 p.
914 1990 964 2046 87:
987 1988 1137 2056 „Quamvis
1157 1987 1244 2059 igitur

190 2099 300 2151 „paean
321 2099 355 2137 ca
373 2099 404 2136 re
424 2101 486 2138 sese
506 2084 724 2152 commendaret,
745 2085 820 2155 quod
841 2083 968 2138 earmina
987 2101 1020 2139 ex
1039 2098 1074 2136 eo
1095 2081 1173 2136 nulla
1186 2079 1245 2136 fere

190 2175 467 2248 „componebantur,
499 2184 594 2232 tamen
627 2177 770 2233 clausulae
803 2177 925 2233 Latinae
957 2193 1014 2232 non
1048 2173 1244 2243 conveniebat,

190 2270 327 2339 „primum
349 2270 413 2341 quia
432 2271 462 2325 in
482 2272 580 2342 lingua
599 2271 702 2326 Latina
722 2271 849 2342 syllabae
874 2271 977 2342 longae
997 2270 1084 2324 multo
1109 2275 1175 2323 sunt
1193 2267 1247 2323 fre-

190 2364 368 2435 „quentiores
395 2381 478 2435 quam
509 2361 619 2433 breves,
650 2365 727 2419 ouius
758 2366 798 2419 rei
828 2364 999 2419 contrarium
1028 2361 1060 2417 fit
1088 2362 1118 2416 in
1148 2361 1246 2432 lingua

193 2456 334 2525 „Graeca
355 2458 455 2512 deiude
476 2459 540 2529 quia
560 2463 588 2511 et
608 2475 698 2529 paean
718 2460 824 2529 primus
845 2464 872 2511 et
891 2465 1006 2527 quartus
1025 2457 1114 2527 magis
1128 2453 1248 2524 insurgit

191 2565 293 2620 ,‚quam
315 2550 390 2605 cadit
409 2551 546 2621 simulque
566 2551 661 2607 Latini
686 2557 819 2607 accentus
839 2551 911 2606 ratio
936 2549 1045 2622 utrique
1068 2549 1159 2604 minus
1183 2564 1249 2604 cou-

191 2637 315 2711 ‚,venit.“
1148 2701 1149 2704 ,

269 2735 441 2792 Paucitatem
471 2735 595 2792 brevium
619 2737 791 2809 syllabarum
815 2755 899 2792 unam
924 2754 1038 2793 oausam
1067 2734 1167 2806 fuisse,
1198 2751 1248 2789 our

191 2828 291 2884 Cicero
314 2845 452 2899 paeonem
474 2832 606 2899 evitaret,
631 2833 759 2903 equidem
784 2848 840 2886 non
868 2832 963 2896 oredo;
985 2830 1059 2886 >nam
1087 2845 1144 2885 non
1172 2827 1244 2881 adeo

191 2938 272 2976 rarus
292 2928 335 2975 est
354 2940 461 2994 paean;
485 2921 620 2979 habemus
640 2924 756 2979 formas:
783 2923 918 2991 adhibeo,
939 2924 1068 2993 adigere,
1089 2920 1247 2986 artificium,

197 3024 343 3082 caruerat,
368 3017 510 3079 celeritas,
537 3017 649 3080 coaluit,
675 3018 828 3083 comitium,
854 3016 1037 3084 constituere,
1058 3015 1248 3083 disseruimus,

195 3106 338 3176 facinora,
359 3106 481 3175 facilius,
502 3107 664 3177 generibus,
685 3108 828 3173 habuerit,
848 3105 1020 3177 hominibus,
1041 3109 1179 3177 humilius,
1199 3108 1249 3165 hu·

196 3199 315 3268 militas,
336 3200 456 3265 initium,
476 3201 589 3269 itinera,
610 3201 743 3270 inierant,
766 3202 895 3274 lepidius,
916 3202 1081 3272 meminerit,
1103 3208 1249 3269 metuerat,

193 3291 341 3361 minuitur,
367 3293 559 3367 municipium,
583 3295 723 3366 posuerit,
749 3295 917 3366 poterimus,
943 3296 1078 3366 potuerit,
1103 3294 1249 3366 prohibeo,

190 3386 304 3458 positio,
325 3389 459 3454 recidere,
473 3388 607 3460 recipere,
622 3405 766 3460 recupero,
780 3391 917 3461 redigere,
931 3389 1077 3459 redimere,
1091 3389 1243 3459 redierant,

190 3477 315 3545 reficere,
338 3481 445 3553 religio,
465 3481 584 3553 reperio,
605 3488 740 3553 repetere,
762 3483 887 3553 repudio,
901 3483 1017 3551 reticeo,
1031 3484 1151 3551 retineo,
1164 3483 1247 3538 satie.

192 3580 244 3642 tas,
265 3571 443 3643 sacrificium,
465 3592 679 3646 saepenumero,
700 3576 862 3646 sceleribus,
883 3577 1041 3648 sequimini,
1056 3578 1182 3648 societas,
1196 3584 1250 3632 sta·

192 3672 287 3737 tuere,
319 3668 470 3737 studuerit,
500 3669 638 3737 subierat,
671 3670 827 3737 temeritas,
852 3675 992 3739 tenuerat,
1029 3672 1164 3737 tenuitas,
1202 3672 1250 3726 tri·

193 3759 294 3830 buere,
315 3763 446 3832 valuerit,
467 3762 605 3831 varietas,
625 3761 779 3830 veteribus,
799 3770 938 3832 vetuerat,
959 3763 1095 3833 vitupero,
1115 3764 1250 3828 voluerat,

193 3857 279 3923 atque
298 3857 392 3923 redeo,
412 3861 465 3911 eto.
488 3862 541 3910 etc.
583 3857 734 3911 Praeterea
753 3857 825 3913 haec
845 3857 907 3926 ipsa
927 3863 969 3911 est
989 3857 1108 3911 oratoris
1129 3873 1183 3926 ars,
1207 3858 1250 3912 vel

193 3945 282 4002 invita
300 3946 398 4019 lingua
416 3948 562 4021 rhythmos
582 3946 731 4021 effingere3
753 3951 830 4004 velut
842 3950 1055 4017 Demosthenes,
1076 3967 1139 4003 eum
1152 3948 1250 4019 lingua

194 4039 305 4095 Graeca
325 4047 470 4112 tantopere
487 4043 613 4099 abundet
625 4040 758 4099 brevibus
772 4041 899 4114 syllabis,
919 4048 1012 4099 tamen
1027 4043 1110 4098 trium
1124 4041 1248 4097 brevium
