3000 4450
703 315 896 382 ..50-

275 494 391 561 propter
410 486 602 557 exemplorum
623 489 803 559 paucitatem.
837 491 916 556 Quae
936 489 982 547 ille
1003 488 1086 549 affert
1098 490 1237 560 exempla,
1257 489 1326 546 nihil

273 581 394 655 probare
413 586 538 653 possunt.
580 580 649 636 Nam
671 599 721 652 pro
741 584 825 638 Rosc.
846 583 881 649 L,
903 583 966 653 145,
988 581 1037 638 ubi
1056 583 1174 654 legitur:

351 674 434 744 „Mea
455 673 554 729 domus
573 673 624 728 tibi
645 681 732 744 patet,
754 675 818 729 mihi
840 677 936 732 clausa
956 683 1010 730 est:
1032 672 1126 745 fero;“
1148 694 1184 729 ex
1203 695 1236 729 eo
1251 676 1327 746 quod

274 784 360 839 supra
380 767 567 837 exposuimus,
589 775 707 839 apparet
726 774 791 838 post
811 770 928 836 „clausa
948 764 1008 823 est“
1030 770 1143 824 omnino
1164 769 1268 823 nullam
1282 787 1330 823 ex·

274 862 442 932 pectandam
463 877 525 914 esse
545 861 708 916 clausulam.
750 860 804 915 Pro
825 863 940 928 Quintio
960 858 1063 917 XXIII
1084 863 1121 917 74
1136 863 1272 932 legimus:

352 953 500 1024 „Denique
521 952 574 1007 hoc
594 960 719 1023 tempore
740 953 789 1008 ubi
809 956 893 1011 sunt?
920 955 982 1025 quis
1001 962 1054 1022 est,
1074 954 1122 1025 qui
1142 954 1330 1009 fraudationis

273 1063 360 1102 causa
379 1046 495 1100 latuisse
517 1042 631 1101 dicat?“

350 1139 412 1194 Sive
433 1139 518 1209 igitur
537 1138 622 1208 longa
642 1144 685 1192 est
704 1138 713 1192 i
733 1139 762 1193 in
784 1133 849 1206 ,ubi‘
872 1139 928 1192 sive
941 1139 1042 1209 brevis,
1060 1139 1191 1225 §ausula
1204 1140 1330 1209 legitima

274 1248 330 1288 non
355 1231 416 1295 fiet;
442 1246 611 1303 quamquam
632 1230 771 1300 Wuestio,
798 1233 861 1299 ,hoc
881 1237 1007 1304 tempore
1027 1234 1075 1288 ubi
1095 1228 1169 1289 sunt‘
1184 1232 1330 1287 ferendum

275 1326 393 1380 videtur.
434 1322 489 1381 Sed
515 1342 550 1379 ne
575 1323 620 1379 hic
646 1324 757 1395 quidem
789 1342 860 1395 opus
892 1333 935 1380 est
964 1326 1105 1393 clausula,
1135 1326 1201 1396 quia
1232 1324 1332 1380 ambae

274 1418 509 1489 interrogationes
529 1433 585 1471 nno
607 1421 703 1471 tenore
724 1417 864 1473 dicuntur.
907 1417 949 1472 Cf.
970 1418 1004 1473 V.
1024 1417 1096 1474 Phil.
1118 1419 1162 1472 ΙΙΙ
1182 1420 1208 1473 8.

352 1509 395 1563 De
416 1509 512 1563 formis
534 1509 614 1576 illius,
636 1509 723 1579 ipsius
743 1513 794 1563 eto.
817 1509 953 1564 babemus
977 1510 1118 1565 Ciceronis
1139 1511 1328 1565 testimonium

280 1603 430 1674 quoddam.
470 1602 542 1655 Nam
563 1617 624 1655 cum
646 1600 693 1654 ille
712 1601 781 1657 dicit
802 1601 901 1656 Fannii
921 1603 1024 1661 verba:

583 1711 640 1780 „Si,
661 1711 792 1777 Quirites,
813 1713 902 1767 minas
922 1708 1014 1767 illius“

276 1825 308 1861 er
329 1806 438 1862 creticis
458 1809 596 1873 constare,
617 1803 824 1876 quodammodo
844 1807 986 1873 declarat,
1007 1813 1132 1861 oratores
1153 1809 1250 1861 eadem
1272 1822 1328 1876 qua

279 1906 380 1970 poetas
400 1898 514 1953 licentia
533 1898 587 1964 uti,
612 1903 643 1950 ut
666 1896 693 1950 in
719 1896 761 1951 hia
786 1896 883 1952 formis
903 1899 912 1952 i
933 1900 1056 1954 vocalem
1083 1906 1142 1955 tum
1167 1900 1329 1970 corripiant,

278 2001 335 2047 tum
357 1992 523 2063 producant,
545 1997 628 2060 prout
648 1991 754 2045 numeri
775 1991 847 2045 ratio
868 1989 1030 2062 postulet.¹)

355 2084 511 2140 Secundam
536 2099 684 2155 personam
713 2083 786 2154 plur.
810 2084 837 2137 in
860 2084 985 2154 perfecto
1007 2086 1146 2140 coniunct.
1180 2094 1208 2139 et
1237 2084 1330 2138 futuro

278 2186 376 2235 exacto
406 2160 519 2248 longam
549 2178 558 2231 i
587 2176 719 2232 habuisse
754 2178 827 2249 apud
861 2178 1040 2245 Ciceronem,
1071 2180 1173 2234 Wuest
1202 2177 1331 2249 probavit
1378 2248 1381 2252 ι

279 2269 318 2345 (p.
340 2274 377 2328 80
398 2268 465 2342 sp.);
486 2288 655 2341 quamquam
677 2271 812 2338 clausula,
833 2290 906 2342 quae
927 2281 971 2327 est
989 2275 1030 2327 IV
1053 2274 1113 2330 Cat.
1133 2270 1178 2327 XI
1197 2274 1248 2328 23:
1270 2290 1331 2326 esse

280 2365 472 2431 memineritis,
500 2365 638 2433 producta
661 2365 671 2419 i
695 2380 752 2418 non
778 2364 869 2418 minus
894 2366 994 2422 vitiosa
1018 2368 1084 2421 mihi
1111 2368 1219 2420 videtur
1248 2384 1332 2435 quam

281 2463 417 2529 correpta.
458 2458 531 2511 Num
562 2457 654 2527 prima
678 2474 800 2528 persona
826 2460 923 2512 eadem
949 2460 1082 2530 prosodia
1106 2467 1214 2525 utatur,
1241 2459 1332 2513 adhuc

279 2553 384 2607 neseio.
417 2551 488 2605 Nam
508 2551 560 2605 etsi
580 2550 608 2604 in
629 2551 756 2605 oratione
776 2568 839 2605 cum
859 2552 968 2605 senatui
987 2551 1092 2622 gratias
1106 2552 1163 2621 egit
1178 2552 1222 2605 12
1243 2550 1331 2621 magis

278 2647 386 2717 placet:
417 2660 464 2699 vos
487 2642 711 2715 reciperarimus,
746 2649 839 2698 tamen
864 2643 948 2699 etiam
978 2650 1108 2714 correpta
1133 2645 1142 2697 i
1166 2643 1332 2699 habebimus

282 2737 435 2823 clarentem
456 2737 531 2792 haud
550 2736 763 2806 repudiandam.
841 2745 843 2749 “
1037 2803 1038 2806 Ἰ

359 2831 495 2896 Conicere
524 2830 673 2901 legendum
703 2846 765 2883 esse
795 2832 869 2899 apud
897 2830 1074 2900 Ciceronem,
1107 2848 1164 2886 uno
1197 2830 1334 2900 exemplo,

282 2929 355 2998 quod
387 2923 480 2981 attulit
506 2917 677 3009 Wuestle.
705 2923 784 2979 verr.
812 2924 866 2980 VII
897 2921 944 2990 17)
974 2941 1153 2995 nequaquam
1182 2923 1333 2992 probatum

281 3023 364 3076 immo
385 3020 423 3088 ,in
437 3034 577 3073 carcerem
592 3013 771 3074 coniciiubet‘
790 3017 947 3074 inusitatius
962 3023 1005 3072 est
1018 3035 1101 3089 quam
1123 3017 1222 3087 ‚cdnic'i
1236 3012 1333 3073 iubet‘.

283 3115 364 3169 Alter
385 3113 475 3179 locus,
495 3111 524 3166 in
545 3128 600 3183 quo
621 3113 749 3166 conicere
770 3112 867 3170 melina
888 3129 949 3167 esse
970 3112 1071 3167 Wuest
1090 3116 1171 3182 putat
1191 3108 1255 3180 (pro
1276 3110 1336 3165 Mil.

282 3202 355 3262 XIX
375 3205 424 3259 49:
451 3210 563 3260 noctem
584 3222 614 3260 se
635 3202 787 3271 odniceret)
813 3204 925 3260 omnino
951 3222 1002 3260 nos
1027 3220 1136 3260 morere
1164 3193 1221 3259 non
1242 3201 1335 3268 debet,

284 3299 352 3369 quia
371 3297 426 3351 illic
446 3313 502 3351 non
523 3303 622 3353 ornate
642 3304 671 3352 et
683 3315 831 3354 numerose
845 3297 912 3352 dieit
926 3297 1035 3366 Cicero,
1055 3300 1105 3352 sed
1119 3313 1169 3367 per
1182 3296 1337 3350 sententiaa

283 3389 433 3461 perbreves
467 3395 495 3443 et
527 3388 673 3460 abruptas.
714 3393 820 3445 Poetae
857 3389 990 3461 aequales
1027 3390 1156 3445 cdnicere
1192 3386 1337 3458 praebent,

283 3480 319 3538 ci.
340 3481 439 3538 Luca:

640 3574 736 3631 Etesia
755 3574 847 3632 flabra
866 3574 1027 3647 aquilonum

456 3664 560 3721 Nubila
580 3666 722 3727 coniciunt
741 3666 771 3722 in
790 3686 839 3725 eas
858 3674 925 3723 tunc
946 3667 1039 3722 omnia
1058 3674 1161 3736 partes.

363 3775 425 3830 Non
445 3776 534 3845 magis
549 3750 667 3832 Ibicere
687 3778 925 3848 pronuntiandum
939 3795 1000 3832 esse
1014 3783 1056 3831 est
1069 3763 1250 3842 eredendum3
1271 3791 1334 3828 nam

288 3942 490 3952 -----

355 4030 378 4098 1)
395 4029 485 4084 Aliter
501 4030 603 4086 iudicat
621 4011 807 4098 Quintilianus
824 4031 881 4098 15,
901 4031 942 4099 18,
961 4030 1008 4084 sed
1026 4030 1162 4085 Ciceronis
1186 4029 1271 4083 maior
1296 4030 1338 4082 est

286 4116 441 4169 auctoritas.
