3000 4450
628 257 816 322 ..45-

192 435 311 504 „litatis3
336 450 469 502 manceps
494 429 526 484 fit
553 430 765 500 Chrysogonum
791 432 845 486 tria
869 432 985 501 praedia
1006 432 1048 486 vel
1069 433 1244 489 nobilissima

191 526 342 599 „Capitoni
368 526 483 596 propria
507 525 669 590 traduntur,
696 538 770 593 quae
795 524 878 577 hodie
902 525 1041 594 possidet;
1067 527 1095 578 in
1120 528 1243 598 reliquas

191 638 306 690 „omnes
325 618 453 674 fortunas
473 618 526 671 iste
547 615 580 672 T.
601 615 719 670 Roscius
744 617 857 670 nomine
879 618 1070 687 Chrysogoni,
1096 623 1245 689 quaemad-

190 716 323 784 „modum
342 713 404 781 ipse
424 710 502 777 dicit,
527 709 662 780 impetum
688 707 771 777 facit,
798 708 868 763 haec
889 708 965 763 bona
984 717 1113 765 emuntur
1132 713 1244 769 duobus

189 805 321 877 „milibus
341 819 492 857 nummum.
1236 865 1239 871 ι

265 901 365 967 „Haec
384 895 487 963 omnia,
508 895 624 960 ludicres,
644 894 822 964 imprudente
842 894 875 948 L.
891 894 970 949 Sulla
990 894 1066 950 facta
1085 914 1148 952 esse
1167 906 1244 953 certe
1284 928 1288 934 ·

188 993 273 1062 ,‚sci0.
311 972 396 1045 Elef‘

261 1086 378 1141 Necnon
408 1081 561 1139 adversarii
588 1081 774 1150 obiectiones,
804 1082 969 1152 praesertim
995 1083 1018 1136 si
1043 1081 1142 1137 breves
1167 1088 1242 1147 sunt,

184 1181 349 1251 plerumque
382 1178 442 1230 sine
477 1176 535 1229 ulla
567 1175 704 1244 gravitate
736 1173 928 1244 proferuntur.
969 1175 1108 1245 Exempla
1144 1193 1241 1230 rursus

184 1273 327 1327 Rosciana
347 1269 516 1341 suppeditat,
538 1284 611 1343 quae
631 1285 694 1321 cum
716 1267 752 1320 sit
773 1285 881 1322 summa
901 1268 1049 1321 vivacitate
1069 1276 1098 1322 et
1118 1270 1240 1338 quodam

185 1363 299 1418 iuvenili
321 1365 421 1417 ardore
441 1361 579 1430 praedita,
601 1376 697 1413 omnes
717 1358 776 1415 fere
790 1360 900 1412 dicendi
913 1361 1012 1413 modos
1026 1359 1149 1416 exhibet.
1185 1360 1240 1415 Gt:

338 1455 411 1509 X'XI
431 1455 480 1509 58:
502 1453 544 1509 Ne
565 1455 782 1507 exheredaretur
802 1454 907 1507 veritus
929 1459 980 1506 est.

390 1548 441 1602 ib.:
464 1546 597 1602 Habebat
616 1552 698 1616 pater
717 1547 746 1600 in
767 1548 870 1602 animo.

261 1644 324 1695 Hae
344 1641 499 1696 sententiae
519 1641 571 1694 etsi
592 1640 690 1695 breves
710 1647 784 1709 sunt,
806 1647 899 1695 tamen
920 1657 977 1693 non
998 1647 1064 1694 sunt
1080 1640 1120 1694 ita
1133 1639 1241 1715 breves,

185 1739 215 1787 ut
236 1748 352 1789 numero
372 1733 532 1787 necessario
553 1750 650 1787 carere
670 1750 719 1786 eas
740 1739 879 1802 oporteat.
920 1731 985 1801 Sed,
1007 1742 1084 1803 puto,
1105 1736 1158 1789 hac
1177 1735 1240 1804 ipsa

185 1828 366 1898 neglegentia
396 1826 503 1880 numeri
526 1827 614 1880 Eruci
644 1827 816 1881 accusatoris
846 1826 959 1879 dicendi
986 1828 1083 1879 modus
1112 1827 1240 1881 abiectus

184 1926 268 1990 atque
288 1907 387 1991 parum
407 1921 499 1990 gravis
520 1921 625 1990 optime
645 1921 784 1990 pingitur;
804 1921 859 1984 hoc
880 1920 953 1973 enim
970 1920 1066 1974 Cicero
1081 1939 1131 1990 per
1151 1927 1238 1975 totam

185 2016 259 2069 hanc
280 2014 415 2069 orationis
435 2021 544 2086 partem
565 2015 698 2084 sequitur,
718 2020 749 2068 ut
769 2015 909 2083 vituperet
922 2015 1008 2067 Eruci
1029 2015 1056 2067 in
1078 2015 1239 2069 accusando

183 2108 408 2177 neglegentiam,
434 2126 517 2181 quem
542 2110 666 2163 iudicum
691 2125 826 2165 consessu
853 2110 1068 2178 auditorumque
1099 2115 1238 2163 conventu

185 2218 238 2273 pro
259 2218 368 2257 summa
387 2203 537 2259 solitudine
559 2203 678 2259 abusum
698 2221 760 2258 esse
780 2203 855 2259 dicit.
896 2198 953 2270 (Cf.
974 2202 1045 2257 XXI
1066 2197 1124 2272 59).

262 2297 316 2351 Sed
337 2295 369 2350 fit
388 2298 486 2365 etiam,
512 2304 542 2351 ut
567 2298 718 2352 adversarii
738 2298 912 2351 obiectiones
933 2298 989 2351 sint
1009 2313 1189 2360 numerosae,
1214 2297 1237 2350 si

185 2390 326 2444 Ciceronis
347 2388 530 2445 refutationes
550 2389 645 2444 statim
665 2391 699 2443 iis
720 2397 880 2459 occurrant,
901 2392 941 2444 ita
961 2396 992 2443 ut
1014 2390 1136 2445 obiectio
1158 2396 1185 2444 et
1196 2407 1237 2443 re-

180 2482 282 2537 futatio
304 2483 385 2553 quasi
405 2483 478 2537 inter
498 2500 529 2537 se
548 2484 748 2553 respondeant.
789 2481 846 2536 Oi:

260 2575 316 2629 Pro
340 2576 424 2629 Rosc.
449 2574 548 2629 XVIII
573 2576 622 2629 52:
656 2575 809 2643 „Convivia
833 2592 896 2629 cum
920 2580 1000 2645 patre
1030 2593 1086 2628 non
1116 2570 1236 2630 inibat.“

183 2668 303 2738 Quippe,
324 2667 371 2736 qui
385 2684 421 2719 ne
434 2667 461 2719 in
477 2668 609 2736 oppidum
625 2669 736 2738 quidem
750 2667 803 2720 nisi
818 2683 934 2736 perraro
948 2667 1063 2721 reniret.
1098 2669 1238 2735 „Domum

184 2777 263 2821 snam
294 2759 378 2813 istum
408 2775 464 2813 non
494 2759 553 2813 fere
585 2760 732 2830 quisquam
763 2756 912 2816 vocabat“
952 2760 1012 2814 Nec
1045 2760 1156 2831 mirum,
1191 2761 1238 2831 qui

184 2870 276 2923 neque
296 2853 324 2905 in
346 2852 415 2907 urbe
435 2853 541 2906 viveret
561 2871 653 2924 neque
673 2861 854 2908 revocaturus
875 2861 956 2908 esset.

262 2938 360 3009 (Vides
389 2947 600 3015 responsionem
629 2947 818 3001 clausularum
849 2946 1058 3015 religiosissime
1092 2963 1152 2998 esse
1185 2962 1240 2999 ser·

186 3030 302 3103 vatam).
1014 3039 1016 3042 ’

264 3125 336 3179 Aliis
356 3127 426 3180 locis
446 3125 586 3181 difficilius
601 3128 779 3197 cognoscitur
792 3144 886 3197 causa,
908 3145 959 3182 cur
972 3129 1097 3183 clausula
1110 3130 1240 3200 neglecta

187 3217 231 3272 sit.
255 3218 328 3294 ,sed
359 3220 509 3274 tenendum
540 3227 582 3273 est
612 3219 730 3290 ubique,
765 3223 801 3275 ad
832 3227 956 3275 nostram
986 3222 1239 3293 interpunctionem

186 3309 353 3364 Latinorum
373 3312 505 3381 periodos
524 3331 580 3368 non
601 3331 663 3369 esse
684 3314 852 3385 dirigendas.
894 3316 985 3386 Saepe
1005 3333 1057 3370 nos
1077 3318 1238 3388 insistimus,

185 3402 236 3458 ubi
256 3403 364 3458 illinon
379 3405 518 3461 insistunt.
553 3407 652 3477 Itaque
666 3408 693 3460 in
710 3408 885 3477 periodorum
900 3410 1036 3464 divisione
1050 3410 1238 3466 clausularum

184 3497 376 3553 observationi
396 3498 570 3570 aliquantum
590 3501 715 3555 tribuere
735 3520 851 3557 necesse
871 3512 921 3557 est.

260 3592 308 3647 Fit
332 3601 426 3648 autem
451 3612 550 3664 saepe,
574 3601 605 3649 ut
631 3595 715 3651 binae
740 3599 897 3651 sententiae
927 3605 983 3652 tam
1009 3587 1087 3653 arcte
1111 3600 1185 3654 inter
1209 3616 1239 3653 se

186 3685 401 3755 coniungantur,
423 3695 453 3742 ut
474 3689 555 3759 quasi
576 3705 627 3758 pro
648 3706 706 3743 una
720 3690 776 3743 sint
789 3690 946 3745 habendae.
981 3692 1013 3745 Id
1029 3695 1104 3762 quod
1119 3692 1240 3746 maxime

186 3776 226 3843 fit,
248 3778 271 3829 si
291 3779 344 3832 hae
367 3780 532 3836 coniunctae
553 3788 617 3834 sunt
637 3782 782 3851 particulis
803 3800 881 3849 nam,
907 3784 994 3851 enim,
1013 3784 1123 3854 itaque,
1144 3785 1239 3855 igitur,

186 3886 262 3938 vero,
283 3878 384 3939 autem,
406 3873 476 3927 aliis.
512 3873 567 3927 Sed
588 3874 672 3928 etism
686 3874 790 3928 talibus
804 3876 951 3944 particulis
965 3892 1022 3930 non
1037 3878 1140 3931 additis
1154 3891 1241 3945 saepe

187 3962 330 4018 observari
349 3963 423 4031 licet,
443 3966 578 4035 inpriore
596 3968 735 4022 sententia
748 3982 844 4021 vocem
858 3970 1021 4037 ascendere,
1042 3970 1070 4022 in
1084 3968 1240 4039 posteriore

173 4047 298 4111 demum
319 4058 495 4113 descendere.
537 4059 586 4114 Est
607 4066 699 4115 autem
720 4079 802 4116 verae
822 4061 944 4132 periodi,
971 4069 1001 4115 ut
1021 4062 1057 4114 sit
1081 4061 1109 4113 in
1130 4077 1159 4113 se
1179 4078 1242 4129 per·
