3000 4450
710 240 898 303 -48—

767 414 783 473 s
803 414 829 468 e.

520 521 589 601 De
620 523 818 626 prosodia
853 524 1078 607 Ciceronis,

349 685 445 739 Pauca
468 684 536 737 mihi
562 684 693 738 addenda
718 700 780 737 esse
799 693 868 754 puto
890 688 924 738 de
952 689 1099 755 prosodia,
1125 707 1208 759 quam
1229 691 1331 749 Cicero

271 779 300 831 iu
321 777 496 831 orationibus
516 776 573 830 suis
595 774 757 830 adhibuisse
778 777 910 831 videatur.
946 777 1077 834 Difficilis
1097 788 1190 837 autem
1203 791 1246 839 est
1259 786 1331 844 haec

271 870 400 941 quaestio
421 887 469 933 eo,
495 871 569 940 quod
595 876 708 939 praeter
732 869 851 939 exiguos
876 874 1123 938 grammaticorum
1143 878 1219 933 locos
1240 888 1268 934 et
1287 883 1330 935 in·

273 964 438 1033 scriptiones
463 963 600 1034 quasdam
626 969 655 1016 et
678 969 825 1032 poetarum
850 981 930 1017 usum
956 965 1048 1019 nullos
1069 967 1205 1024 habemus
1225 971 1328 1042 fontes,

272 1071 289 1110 e
315 1056 417 1127 quibus
444 1073 536 1110 veram
562 1055 660 1126 populi
690 1057 947 1124 pronuntiationem
977 1060 1116 1128 possimus
1147 1082 1328 1134 cognoscere.

270 1151 421 1205 Prosaicae
441 1157 535 1204 autem
555 1149 752 1219 inscriptiones
772 1168 864 1220 neque
884 1153 924 1206 ita
944 1154 1049 1209 multae
1070 1163 1170 1210 extant
1195 1176 1231 1212 ex
1251 1158 1328 1214 Cice·

270 1244 347 1298 ronis
372 1243 556 1312 temporibus,
588 1249 615 1296 et
644 1243 699 1297 hac
723 1260 753 1296 re
780 1261 875 1298 earum
902 1246 1056 1300 auctoritas
1082 1248 1226 1319 minuitur,
1252 1256 1327 1322 quod

270 1337 473 1407 orthographia
492 1353 550 1392 non
572 1353 682 1406 semper
702 1353 766 1391 cnm
786 1339 1015 1407 pronuntiatione
1040 1343 1187 1396 consentit.
1228 1344 1326 1413 Neque

268 1447 333 1485 vero
354 1437 457 1499 poetae
476 1430 560 1498 plane
580 1429 682 1497 integri
702 1435 833 1484 auctores
853 1429 977 1485 habendi
998 1442 1078 1500 sunt,
1099 1435 1165 1504 quia
1186 1443 1214 1489 et
1234 1438 1326 1491 versui

267 1526 384 1579 multum
409 1522 536 1576 tribuunt
562 1518 609 1589 (cf.
636 1542 659 1578 e.
685 1541 709 1577 c.
735 1523 853 1577 formam
878 1525 990 1594 relligio
1016 1545 1032 1581 a
1063 1528 1207 1596 dactylicis
1234 1532 1324 1598 poetis

266 1613 434 1684 inventam),
460 1621 489 1669 et
509 1613 681 1669 Graecorum
708 1617 925 1671 consuetudines
951 1635 1036 1688 saepe
1056 1626 1159 1674 temere
1180 1621 1326 1677 imitantur

266 1710 345 1764 nulla
363 1710 473 1764 ratione
493 1707 592 1762 habita
611 1709 754 1779 genuinae
773 1711 1019 1778 pronuntiationis.

344 1803 428 1858 Velut
447 1802 497 1855 illa
516 1803 713 1869 inconstantia,
736 1820 793 1873 qua
812 1805 888 1873 apud
902 1806 1058 1874 dactylicos
1073 1813 1101 1859 et
1114 1790 1229 1861 melicos
1243 1813 1323 1860 utun·

267 1903 314 1950 tur
334 1903 428 1950 mutae
449 1913 511 1950 curn
531 1896 659 1967 liquidis,
684 1901 716 1949 ut
735 1904 794 1950 tum
810 1898 978 1966 positionem
999 1899 1106 1954 faciant
1125 1906 1183 1953 tum
1206 1917 1264 1954 non
1283 1900 1325 1955 ia·

265 1989 351 2056 ciant,
371 2005 429 2043 non
448 1988 503 2042 fuit
522 1988 560 2044 ab
580 1989 659 2043 initio
680 1988 765 2043 insita
785 1990 899 2060 linguae
919 1991 1049 2047 Latinae.
1089 1993 1173 2061 Apud
1199 1993 1323 2047 comicos

264 2082 348 2149 enim,
370 2097 487 2151 quorum
508 2099 606 2135 versus
627 2083 662 2136 ad
678 2071 849 2136 cotidianum
864 2100 1019 2137 sermonem
1033 2086 1157 2154 proxime
1172 2086 1321 2149 accedunt,

264 2180 343 2228 muta
363 2191 428 2229 cum
448 2174 556 2244 liquida
576 2189 720 2244 nunquam
742 2175 910 2243 positionem
931 2176 1009 2232 facit.
1050 2177 1154 2231 Postea
1179 2195 1215 2231 ex
1235 2177 1323 2232 Grae·

261 2284 357 2321 corum
378 2285 431 2321 usu
451 2267 501 2320 illa
522 2267 636 2321 licentia
656 2267 776 2336 irrepsit.
816 2268 985 2337 Popularem
1005 2286 1162 2324 sermonem
1183 2278 1275 2325 autem
1289 2272 1320 2323 in

260 2359 364 2414 talibus
384 2361 468 2414 rebus
490 2377 601 2429 semper
620 2360 673 2413 sibi
694 2367 833 2428 const-are,
855 2368 975 2416 testatur
989 2363 1076 2417 Attici
1098 2365 1232 2418 sermonis
1252 2381 1321 2417 con·

261 2453 377 2515 chautim
398 2469 463 2505 nam
484 2454 559 2532 apud
574 2452 684 2507 Atticos
700 2469 812 2523 quoque
826 2455 946 2507 comicos
961 2453 1062 2508 urbani
1076 2457 1213 2510 sermonis
1227 2457 1318 2516 imita-

230 2571 232 2574 ·
260 2551 345 2611 tores,
367 2562 429 2599 cum
450 2545 535 2600 ceteri
555 2554 656 2614 poetae
670 2545 815 2612 fluctuent,
835 2555 928 2601 mutae
943 2536 1006 2601 cum
1021 2548 1134 2618 liquidis
1148 2550 1315 2618 positionem

259 2654 315 2693 non
336 2638 455 2707 iaciunt,
476 2640 528 2693 nisi
550 2638 624 2692 torte
644 2641 672 2692 in
696 2637 889 2720 παρῳδίαις.
931 2642 1032 2712 Itaque
1051 2659 1087 2695 ne
1108 2644 1183 2710 apud
1207 2643 1319 2696 Cicero-

258 2749 322 2785 nem
343 2733 455 2801 qnidem
476 2732 548 2785 haec
568 2732 670 2802 positio
691 2741 732 2786 est
754 2735 934 2790 admittenda.
975 2741 1069 2805 Atque
1089 2752 1152 2788 cum
1172 2736 1227 2789 hoc
1241 2737 1318 2789 clau·

259 2811 384 2877 aularum
404 2824 565 2877 testimonia
585 2826 690 2894 optime
710 2835 878 2897 congruunt.

336 2916 390 2970 Sed
412 2916 482 2971 haec
502 2925 600 2972 nostra
619 2920 667 2972 lex
689 2926 781 2973 certas
809 2919 896 2974 hahet
919 2920 1111 2989 exceptiones.
1150 2920 1317 2988 Repetenda

258 3016 301 3062 est
323 3010 397 3063 enim
424 3009 461 3064 ab
487 3010 595 3082 origine
620 3029 720 3076 causa,
746 3030 797 3066 cur
822 3020 901 3067 muta
926 3031 988 3067 cum
1016 3013 1123 3083 liquida
1147 3013 1317 3082 positionem

258 3107 307 3155 aut
326 3101 420 3155 facere
440 3109 489 3155 aut
509 3119 565 3156 non
593 3104 688 3158 facere
712 3107 813 3173 possit
851 3106 898 3159 Fit
922 3107 976 3159 hoo
1001 3106 1121 3172 idcirco,
1147 3104 1214 3174 quia
1237 3111 1318 3158 muta

257 3201 286 3247 et
305 3193 412 3263 liquida
431 3193 516 3249 facile
536 3213 593 3251 una
617 3198 835 3267 pronuntiantur
860 3206 888 3254 et
911 3198 949 3253 oh
976 3216 1038 3253 eam
1063 3216 1120 3253 rem
1145 3214 1237 3268 paene
1262 3215 1315 3267 pro

257 3302 314 3340 una
334 3286 427 3339 littera
447 3286 595 3341 habentur.
637 3290 692 3343 Sed
712 3288 773 3343 fieri
812 3291 897 3344 etiam
917 3298 1026 3361 potest,
1053 3298 1082 3346 ut
1103 3297 1180 3345 muta
1200 3308 1262 3345 cum
1284 3291 1317 3342 li-

255 3378 342 3447 quida
362 3379 453 3431 minus
474 3389 551 3435 arcte
573 3384 729 3454 colligetur.
771 3385 833 3439 Hoc
863 3404 899 3439 ex
924 3385 1094 3440 necessitate
1114 3383 1154 3453 fit,
1187 3386 1209 3437 si
1230 3392 1309 3440 muta

256 3478 299 3525 est
319 3471 400 3526 unius
420 3473 521 3542 verbri,
542 3475 647 3546 liquida
667 3479 819 3547 sequentis,
841 3495 867 3532 e.
887 3497 912 3533 c.
934 3479 971 3533 ob
992 3480 1076 3533 litem.
1117 3480 1212 3548 Atque
1227 3478 1313 3532 etiam

254 3564 284 3617 in
304 3566 466 3634 compositis
486 3568 639 3637 vocabulis,
661 3586 779 3640 quorum
799 3571 873 3625 duae
894 3577 990 3641 partes
1011 3573 1067 3625 iam
1081 3572 1256 3637 coaluerunt,
1270 3576 1312 3625 ta·

255 3674 319 3711 men
339 3674 391 3711 vox
411 3659 514 3713 insistit
532 3661 561 3713 in
583 3663 684 3730 priore,
705 3663 746 3716 ita
766 3670 797 3715 ut
817 3665 956 3734 correptio
983 3665 1033 3718 illa
1052 3662 1112 3718 fieri
1132 3680 1189 3735 non
1210 3661 1312 3731 possit;

256 3749 334 3803 cuius
360 3750 471 3817 generis
492 3759 570 3807 sunt:
597 3754 788 3824 quamohrem,
810 3755 905 3825 abluo,
929 3754 1055 3832 ἐκλέγω.

334 3843 429 3897 Brevis
449 3846 552 3900 vocalis
572 3845 681 3910 finalis,
696 3848 720 3900 si
740 3855 896 3913 sequuntur
916 3851 989 3904 duae
1009 3853 1210 3915 consonantes,
1231 3863 1249 3900 a
1268 3863 1337 3900 vem

255 3936 422 3991 iustioribus
449 3938 540 4008 poetis
561 3938 671 3993 Latinis
695 3957 752 3994 non
777 3943 949 4010 producitur.
990 3942 1035 3995 Ita
1059 3941 1126 3994 dicit
1146 3938 1309 3993 Lucretius:

256 4030 356 4083 cedere
389 4032 586 4101 squamigeris,
619 4033 756 4087 Lucilius:
791 4041 914 4104 segetem
947 4036 1109 4088 immutasse
1143 4038 1309 4100 statumque.
