3000 4450
625 272 816 337 ..33-

441 445 510 498 VIII
531 446 589 514 2οῃ
601 443 785 515 proficiscere.

294 539 349 593 Pro
371 537 448 594 Sulla
467 534 552 614 XXII
572 539 620 592 49:
643 537 795 592 defendere
816 557 898 609 quem
918 541 994 596 velis.

290 633 315 691 I.
338 630 419 686 Catil.
441 632 482 684 IV
503 633 532 685 9:
554 630 696 701 publicam
716 632 862 688 habemus.

438 722 497 781 XII
517 727 565 781 30:
585 742 643 779 non
662 725 795 781 fateatur.

293 818 363 874 Cum
383 836 448 888 pop.
471 818 512 871 VI
532 819 579 872 14:
601 819 663 888 ipsa
682 821 836 877 reduceret.

266 919 360 984 Atque
379 919 436 966 tres
457 912 568 982 quidem
589 912 655 965 illae
675 912 783 982 priores
804 913 944 982 quomodo
966 931 995 982 se
1016 912 1147 980 habeant,
1170 915 1245 970 infra

189 1006 357 1069 videbimus,
383 1004 431 1059 ubi
458 1007 649 1077 quaerendum
674 1006 739 1073 erit,
766 1006 933 1076 quibusnam
958 1007 1028 1060 locis
1053 1009 1179 1063 clausula
1209 1010 1245 1063 sit

190 1101 359 1155 necessaria.
401 1099 517 1153 Ceterae
538 1104 630 1152 autem
651 1116 714 1152 cum
735 1115 828 1168 neque
848 1099 933 1153 ullam
954 1099 1078 1154 habeant
1104 1118 1165 1154 cum
1190 1103 1245 1154 usi-

188 1194 338 1248 tatioribus
358 1193 455 1246 formis
476 1192 651 1260 analogiam,
676 1208 768 1261 neque
794 1198 852 1245 tam
877 1191 1039 1262 frequentes
1063 1195 1132 1259 sint,
1160 1200 1191 1246 ut
1214 1213 1244 1248 se

190 1287 272 1356 quasi
291 1287 370 1354 ipsae
390 1290 531 1350 tueantur,
552 1300 644 1351 neque
665 1298 728 1335 cum
747 1289 872 1337 veterum
892 1286 1058 1339 testimoniis
1078 1293 1243 1355 congruant,
1313 1294 1314 1301 ’

190 1378 374 1448 corrigendae
394 1378 487 1448 potius
508 1393 590 1447 quam
612 1378 792 1431 excusandae
812 1378 879 1432 mihi
900 1380 1036 1432 videntur.

265 1472 328 1523 Non
350 1469 509 1525 enumeravi
531 1471 604 1522 inter
629 1471 680 1523 has
699 1476 752 1538 p'ro
771 1471 850 1523 Sulla
869 1467 971 1524 XXXI
991 1472 1039 1525 86:
1068 1488 1153 1537 ,sum,
1174 1471 1243 1525 nihil

187 1558 298 1630 audivi‘,
321 1564 453 1633 quoniam
474 1562 536 1616 luce
557 1562 658 1614 clarius
679 1567 729 1627 cst,
752 1558 809 1623 ,nil‘
828 1563 977 1630 legendum
998 1580 1060 1615 esse
1073 1580 1124 1632 pro
1145 1559 1242 1629 ,nihil‘.

186 1657 231 1711 De
251 1657 294 1710 his
314 1656 410 1709 formis
431 1655 502 1708 dixit
516 1654 617 1707 Wuest
636 1672 663 1723 p.
686 1655 739 1722 813
770 1653 890 1724 quocum
922 1656 974 1708 etsi
994 1672 1051 1709 non
1072 1656 1157 1725 plane
1178 1673 1243 1710 con-

188 1751 278 1804 sentio
300 1742 377 1819 (nam
398 1749 551 1804 nonnullae
572 1748 715 1801 clausulae
735 1748 803 1802 mihi
822 1748 984 1801 tolerabiles
1004 1749 1145 1815 ridentur,
1172 1767 1242 1819 quas

94 1893 96 1896 ,
185 1843 233 1897 llle
248 1842 398 1912 improbat,
420 1860 444 1897 e.
466 1860 488 1894 c.
511 1841 590 1894 Verr.
612 1840 638 1892 V
659 1841 703 1906 19,
724 1840 774 1893 47:
795 1839 900 1894 tabulis
915 1840 1126 1905 nihilhabent),
1147 1850 1242 1896 tamen

185 1936 397 1990 concedendum
412 1941 463 2001 est,
484 1933 603 1986 formam
625 1931 682 1994 ,nil‘
704 1932 871 2002 quibusdam
885 1933 954 1986 locis
969 1950 1029 1986 esse
1042 1935 1240 1989 necessariam.

680 2127 696 2186 s
718 2128 744 2180 a.

260 2242 328 2322 De
361 2237 639 2319 clausularum
671 2237 777 2317 inter
808 2255 853 2317 se
886 2238 1169 2354 responsione.

263 2395 327 2447 Una
346 2392 429 2446 nobis
450 2391 581 2444 addenda
601 2396 643 2442 est
665 2389 720 2456 lex,
741 2406 814 2459 quae
833 2406 976 2460 nunquam
997 2391 1099 2445 diserte
1119 2408 1237 2445 comme-

183 2491 309 2541 moratur
329 2504 347 2540 a
366 2483 505 2538 'veteribus
526 2481 701 2544 auctoribus;
728 2499 899 2553 quamquam
919 2483 1045 2553 exempla
1065 2501 1082 2537 a
1104 2485 1238 2540 Cicerone

183 2579 271 2634 allata
290 2579 335 2632 hic
356 2594 468 2647 quoque
488 2579 591 2645 magno
611 2574 693 2629 nobis
714 2580 781 2629 sunt
800 2575 870 2628 usui.
906 2575 973 2629 Dixi
987 2576 1060 2628 enim
1074 2577 1129 2630 iam
1143 2596 1238 2648 supra,

181 2672 322 2742 legitimas
342 2678 453 2725 nostras
473 2669 614 2723 clausulas
634 2669 717 2723 etiam
738 2669 766 2723 in
787 2668 893 2723 iuculto
914 2685 1041 2723 sermone
1063 2687 1114 2725 sua
1137 2678 1238 2742 sponte

182 2766 344 2835 saepissime
370 2780 525 2818 occurrere.
566 2763 666 2833 Itaque
693 2763 760 2833 quid
784 2770 840 2831 est,
867 2778 922 2833 quo
947 2764 1037 2816 oratio
1062 2780 1080 2817 a
1110 2781 1237 2819 sermone

181 2858 314 2914 differat?
339 2852 413 2910 Nam
440 2857 516 2926 quod
541 2855 569 2908 in
594 2856 645 2910 illa
665 2856 718 2909 hae
739 2856 883 2924 legitimae
903 2855 1046 2910 clausulae
1065 2856 1151 2925 paulo
1172 2863 1239 2910 sunt

181 2951 352 3015 crebriores,
377 2952 431 3005 hoc
456 2951 498 3003 ita
522 2950 617 3020 magni
637 2950 770 3003 momenti
791 2966 852 3003 esse
874 2949 921 3001 vix
941 2949 1072 3003 arbitror.
1111 2950 1239 3004 Accedat

182 3044 290 3112 aliquid
310 3061 424 3096 necesse
445 3050 495 3110 est,
517 3050 547 3096 ut
568 3059 650 3095 aures
671 3041 844 3095 audientium
865 3040 1055 3095 clausularum
1079 3042 1239 3111 percipiant

182 3135 369 3190 dulcedinem.
408 3135 471 3187 Hoc
491 3133 574 3188 nobis
594 3132 795 3203 quaerentibus
816 3134 921 3188 auxilio
942 3134 1027 3197 venit,
1048 3136 1123 3204 quod
1138 3133 1236 3189 Cicero

181 3229 267 3298 (orat.
288 3223 356 3295 213)
377 3227 495 3296 exponit
515 3228 549 3280 de
569 3228 617 3282 illc
638 3226 700 3281 loco
720 3243 757 3280 ex
773 3227 802 3281 C.
818 3226 956 3281 Carbonis
974 3228 1101 3281 oratione
1115 3236 1235 3298 sumpto.

182 3324 305 3378 Tantum
324 3335 441 3375 neeesse
461 3328 504 3374 est
529 3318 744 3387 subaudiamus,
771 3321 846 3389 quod
872 3320 920 3372 ille
945 3320 1048 3374 diserte
1072 3336 1129 3375 non
1156 3321 1235 3376 dixit.
1318 3329 1320 3331 ’

180 3417 234 3470 Illo
255 3416 342 3486 igitur
362 3413 424 3467 loco
446 3431 503 3466 non
524 3414 672 3468 dichoreus
693 3430 744 3483 per
770 3431 800 3465 se
824 3413 884 3482 ipse
908 3412 962 3466 fuit
986 3420 1043 3467 tam
1063 3415 1235 3484 praeclarus,

179 3513 229 3565 sed
250 3510 325 3579 quod
346 3505 493 3578 dichoreus
513 3505 556 3560 bis
576 3508 698 3577 ponitur.
738 3506 810 3560 Item
831 3507 860 3559 in
875 3506 1065 3576 sequentibus,
1085 3514 1235 3578 postquam

179 3602 329 3659 antecessit
350 3599 490 3655 clausula:
512 3606 736 3669 mercatoresque
751 3606 927 3669 superarunt,
948 3600 1031 3653 unice
1044 3606 1128 3670 aptae
1142 3600 1236 3656 viden-

179 3705 225 3751 tur
243 3697 310 3751 hae:
331 3700 521 3765 Aegyptoque
541 3693 676 3754 vicerunt,
697 3698 738 3745 et:
759 3691 885 3760 potuisse
899 3693 1034 3761 superari.
1069 3692 1127 3748 Cur
1140 3701 1234 3749 autem

178 3791 225 3843 hic
246 3790 407 3845 dichoreum
428 3805 484 3842 non
506 3787 666 3842 desiderant
687 3780 794 3840 aures?
813 3785 885 3840 Nam
911 3787 963 3840 hoc
991 3786 1102 3856 quidem
1123 3803 1180 3840 non
1201 3788 1234 3840 ti·

179 3882 311 3934 mendum
332 3888 382 3948 est,
401 3900 438 3934 ne
457 3881 504 3936 ille
524 3887 635 3934 moveat
655 3880 823 3934 satietatem.
857 3876 978 3932 Causam
994 3877 1076 3932 huius
1096 3880 1137 3932 rei
1157 3880 1232 3948 apud

182 3974 345 4028 Ciceronem
365 3973 468 4027 nuliam
489 3974 643 4027 invenimus
665 3967 808 4038 (Fortasse
821 3972 881 4041 ipse
899 3988 960 4025 eam
982 3970 1122 4024 sentiebat
1142 3969 1232 4037 magis

179 4084 264 4138 quam
298 4074 467 4137 compertam
499 4058 648 4136 habebat).
690 4065 808 4119 Videtur
841 4069 934 4119 autem
964 4062 1033 4115 mihi
1061 4062 1130 4113 haec
1160 4076 1231 4121 esse,
