3000 4450
660 252 851 318 ..29-

494 417 553 481 VI.
581 439 652 481 cum
667 418 786 500 popello
804 418 933 501 yrnlius
953 421 1030 497 quil:
1111 382 1114 387 ¹

380 523 536 581 clausulam
555 558 741 575 -----
809 521 893 575 vicies

814 891 897 946 vicies
918 891 1010 947 sexies

231 1176 303 1232 alias
323 1175 465 1231 clausulas
484 1183 537 1232 ser.

307 1360 408 1431 Itaque
433 1365 552 1429 apparot
580 1358 692 1413 minime
720 1375 783 1413 eam
807 1356 970 1413 varietatem
1000 1373 1062 1410 esse
1091 1355 1290 1425 clausularum,

232 1468 316 1524 quam
334 1452 455 1507 Wnestii
474 1452 593 1506 subulae
613 1452 745 1507 exhibent
766 1450 844 1519 (uam
869 1436 984 1505 ille'rir
1003 1450 1105 1504 doctus
1125 1468 1188 1505 cum
1207 1451 1288 1506 nimis

231 1547 332 1616 longas
352 1545 495 1601 clausulas
515 1550 656 1611 enotares,
675 1545 704 1600 id
725 1546 802 1615 quod
823 1551 867 1598 esc
879 1545 953 1597 inser
966 1543 1077 1598 diversa
1090 1559 1197 1613 genera
1216 1560 1291 1599 com·

229 1655 322 1702 mnne.
342 1636 491 1709 neglexit),
513 1641 563 1694 sed
585 1655 692 1710 paucas
714 1642 852 1713 quasdam
872 1638 1013 1693 clausulas
1034 1632 1118 1708 (quas
1132 1638 1187 1693 iam
1200 1637 1290 1693 brevi·

231 1733 298 1787 tacis
322 1747 410 1787 causa
433 1732 531 1786 litteris
558 1730 593 1799 A,
614 1732 648 1796 Β,
671 1731 701 1801 C,
722 1732 760 1795 D,
780 1731 805 1784 Ε
829 1730 964 1800 insignire
989 1724 1085 1799 liceat)
1109 1729 1169 1785 fero
1192 1747 1289 1786 omnes

233 1827 309 1896 apud
330 1824 496 1881 Ciceronem
516 1826 593 1880 locos
615 1840 765 1895 occupare.
1207 1808 1209 1813 Δ

309 1918 479 1982 Pnacium,
504 1920 552 1989 qui
578 1934 676 1973 omnes
700 1919 752 1972 has
776 1933 833 1972 non
853 1917 963 1973 ratione
984 1917 1138 1988 quaesitas,
1164 1919 1214 1973 sed
1238 1935 1290 1974 sua

233 2019 334 2086 sponte
353 2017 465 2067 seculus
486 2029 548 2065 esse
568 2011 749 2066 arbitrentur.
789 2010 888 2081 Neque
908 2011 1017 2080 ignoro,
1037 2011 1089 2066 has
1109 2011 1195 2081 ipsas,
1218 2028 1289 2083 quas

232 2108 402 2173 invenimus,
430 2105 519 2159 iustas
550 2105 691 2160 clausulas
717 2103 880 2174 saepissima
903 2109 1004 2173 sponte
1035 2119 1191 2160 occurrero.
1232 2104 1287 2159 Sed

232 2202 351 2274 primum
372 2198 445 2258 aliae
465 2214 586 2269 quoquc,
606 2205 638 2253 ut
660 2239 687 2247 -
701 2234 726 2252 s
741 2235 767 2253 υ
779 2237 820 2269 ..‚
838 2232 1060 2252 ......
1067 2248 1073 2268 ‚
1092 2237 1275 2256 „„„„„
1281 2250 1288 2272 ‚

232 2312 290 2350 non
310 2295 402 2349 minus
423 2308 508 2361 saepe
527 2310 558 2345 se
579 2291 713 2354 offeruut3
735 2308 806 2362 quas
819 2291 908 2346 vitare
920 2307 978 2345 non
992 2290 1140 2346 mediocris
1155 2300 1197 2347 est
1210 2294 1288 2351 artis.

210 2388 344 2443 -Dcinde
363 2385 404 2441 illi
423 2385 506 2440 velim
527 2386 625 2440 oculos
645 2391 813 2440 converiunt
832 2385 861 2439 in
881 2384 995 2439 tabulas
1018 2392 1143 2441 nostras:
1168 2387 1225 2441 iam
1248 2389 1289 2441 in·

232 2481 345 2535 venient
366 2480 397 2533 in
422 2478 486 2532 aliis
512 2477 687 2533 orationibus
717 2477 789 2531 alias
820 2477 961 2532 clausulas
990 2478 1166 2547 potissimum
1195 2481 1289 2534 locum

232 2572 369 2629 obtinere.
409 2570 498 2641 Atqui
521 2571 576 2625 hoc
601 2578 676 2625 certe
701 2587 771 2627 casu
795 2586 852 2625 non
877 2569 921 2635 fit,
952 2576 983 2625 ut
1007 2570 1149 2626 clausulae
1173 2574 1237 2628 ΒΒΙ
1260 2576 1289 2629 in

233 2663 405 2722 Casilinariis
426 2664 482 2717 sint
501 2664 753 2735 frequentissimae,
773 2664 802 2718 iu
823 2664 951 2719 oratione
971 2681 1034 2718 cum
1053 2668 1159 2735 populo
1182 2668 1290 2737 gratim

234 2761 301 2831 egit,
320 2759 381 2815 fere
400 2757 495 2813 nullae
513 2766 703 2827 compareant.
738 2757 860 2812 Accedit
873 2758 949 2829 quod
966 2757 1107 2812 Ciceronis
1127 2767 1289 2829 praecepta,

232 2858 286 2910 etsi
306 2872 369 2909 cum
389 2852 521 2908 clausulis
537 2870 555 2907 a
573 2852 657 2906 nohis
679 2852 798 2907 inventis
812 2867 869 2906 non
882 2851 968 2922 plane
982 2857 1141 2922 congruunt
1161 2846 1200 2918 (id
1215 2853 1291 2923 quod

233 2964 292 3002 non
322 2953 366 3001 est
387 2946 602 3017 expectandum
632 2950 749 3014 propter
777 2951 908 2999 naturam
937 2944 1047 2998 illorum
1077 2950 1290 3014 praeceptorum

236 3056 337 3109 parum
356 3035 579 3102 accuratorum),
606 3042 700 3090 tamen
720 3037 755 3090 iis
774 3052 832 3090 non
853 3036 1051 3107 obloquuntur.
1092 3037 1254 3092 Probantur
1274 3056 1292 3093 a

235 3130 374 3185 Cicerone
399 3128 568 3195 ditrocheus,
593 3128 748 3194 dochmius‚
774 3128 904 3196 creticus,
929 3130 1113 3199 dispondeus;
1139 3137 1223 3201 atquc
1245 3131 1291 3184 hic

238 3224 351 3295 quidem
370 3222 421 3277 ita·
435 3222 587 3291 probatur,
613 3229 643 3276 ul
668 3223 716 3277 alii
740 3223 871 3278 dicantur
894 3223 920 3277 ei
943 3225 1135 3293 praeferendi;
1160 3244 1224 3280 cum
1248 3225 1292 3280 his

234 3316 340 3386 regulis
360 3333 427 3370 usus
447 3316 551 3385 optime
572 3317 709 3370 convenil.
745 3315 879 3370 Clausala
899 3316 924 3369 E
944 3318 1056 3371 excludi
1076 3318 1197 3379 videtum
1219 3334 1292 3387 quae

234 3411 287 3465 essi
306 3426 363 3465 non
385 3409 468 3464 abest
487 3408 524 3463 ab
545 3409 726 3477 orationibus,
749 3416 844 3464 tamen
864 3425 922 3463 nou
942 3411 983 3463 ita
1002 3409 1135 3480 frequens
1155 3418 1206 3464 est.
1247 3410 1292 3465 De

124 3561 127 3565 Δ
154 3572 157 3577 ,
233 3504 327 3559 forma
350 3502 390 3556 ΒΙ
420 3503 534 3558 omnino
563 3509 681 3558 tacetur.
723 3502 768 3556 Dc
797 3519 908 3573 paeane
938 3509 1052 3573 quarto,
1083 3521 1165 3574 quem
1192 3501 1291 3558 Cicero

235 3596 361 3668 quamvis
381 3613 445 3650 raro
465 3595 667 3650 admittendum
689 3601 795 3665 censet,
816 3595 852 3649 cf.
873 3594 956 3649 infru.

312 3690 419 3756 Quodsi
441 3689 503 3759 quis
522 3690 711 3743 testimonium
733 3704 845 3758 quoquc
865 3674 1028 3755 diligentiae
1049 3705 1066 3742 a
1086 3687 1222 3743 Cicerone
1245 3689 1294 3742 ad-

235 3782 343 3837 hibitae
362 3782 511 3851 desiderat,
533 3782 556 3835 is
577 3783 707 3852 inspiciat
728 3781 864 3844 Gellium3
886 3781 934 3850 qui
954 3782 1023 3835 dicis
1042 3782 1076 3837 N.
1097 3782 1133 3837 A.
1154 3784 1178 3844 I,
1199 3783 1224 3849 7,
1246 3783 1294 3848 20,

236 3874 287 3929 ubi
307 3876 341 3928 de
356 3874 499 3929 Ciceronis
519 3876 643 3929 numeris
663 3891 758 3945 pauca
772 3873 898 3928 disserit:
919 3874 1020 3941 „sicuti
1034 3881 1076 3928 est
1089 3876 1195 3943 hercle,
1217 3875 1292 3943 quod

238 3963 433 4037 ‚„explicavit‘
456 3968 549 4021 (licere
570 3967 669 4021 maluit
689 3983 775 4037 quam
796 3962 958 4035 ,explicuisg
985 3969 1059 4036 quod
1081 3984 1142 4020 esse
1162 3966 1218 4020 iam
1239 3964 1292 4017 usi·

238 4062 343 4131 ,satius
363 4066 503 4131 coeperat.
536 4059 633 4114 Verba
653 4066 717 4114 sunt
738 4060 810 4114 haec
829 4059 917 4128 ipsius
938 4075 975 4113 ex
995 4060 1129 4122 oratione,
1152 4075 1235 4128 quam
1257 4057 1292 4109 ds
