3000 4450
309 1044 438 1146 Veteres
458 1107 559 1163 prosae
580 1091 730 1162 scriptores
752 1087 814 1147 cum
835 1109 965 1164 magnam
991 1091 1127 1147 orationis
1151 1098 1287 1147 externae

234 1183 343 1240 formae
364 1201 478 1256 operam
499 1186 629 1240 dederint
641 1186 786 1257 multoque
799 1187 943 1255 maiorem,
964 1202 1049 1257 quam
1062 1184 1189 1256 plerique
1201 1183 1286 1237 hodie

231 1279 360 1347 cogitare
378 1278 482 1347 solent,
509 1296 630 1353 aequum
654 1280 763 1334 videtur
789 1281 819 1334 in
838 1279 960 1334 formem
979 1280 1056 1349 apud
1075 1279 1219 1351 prosaicos
1239 1277 1287 1332 vix

230 1371 325 1425 minus
345 1370 496 1440 diligenter
514 1373 656 1443 inquirere
676 1390 760 1443 quam
781 1374 856 1443 opud
876 1379 975 1443 poetas
994 1371 1050 1427 iem
1070 1372 1179 1442 pridem
1191 1369 1287 1425 facere

230 1463 435 1518 consuevimus.
476 1464 532 1519 Sed
553 1482 616 1519 cum
636 1465 676 1520 rei
697 1465 830 1519 metricae
849 1464 930 1525 multi
949 1463 999 1518 riri
1020 1463 1096 1518 docti
1121 1462 1287 1528 studuerint,

229 1573 269 1611 ea
289 1556 383 1611 studia
402 1573 475 1627 quae
496 1559 531 1612 ed
551 1574 698 1612 numerum
718 1557 873 1613 oratorium
885 1556 1047 1631 pertinent,
1074 1572 1162 1626 usque
1182 1555 1218 1609 ad
1238 1553 1288 1608 ho·

229 1650 361 1704 diernum
380 1655 492 1720 tempus
512 1648 572 1704 iere
591 1651 724 1720 neglecta
743 1651 901 1706 iacuerunt.
934 1649 1033 1720 Neque
1049 1648 1121 1703 mira
1133 1647 1200 1702 mihi
1214 1647 1288 1701 vide·

231 1751 280 1797 tur
304 1742 377 1797 hoec
401 1742 524 1797 virorum
549 1742 696 1797 doctorum
720 1741 803 1812 fuga;
828 1742 915 1797 multo
943 1742 1016 1796 enim
1039 1740 1167 1813 pluribus
1196 1740 1226 1795 in
1255 1757 1286 1793 re

228 1836 349 1891 metrice
372 1834 540 1890 adiumentis
566 1835 711 1905 multoque
735 1835 865 1906 pluribus
895 1843 1018 1890 veterum
1049 1833 1217 1889 testimoniis
1247 1833 1288 1888 uti

229 1929 307 1984 licet.
373 1914 375 1919 ¹

309 2018 354 2075 De
373 2037 490 2074 numero
510 2038 548 2074 ex
567 2020 708 2075 veteribus
728 2020 789 2075 fere
808 2038 881 2075 uuus
903 2021 1001 2077 Cicero
1020 2039 1073 2075 nos
1093 2023 1187 2084 docet;
1211 2036 1286 2089 uam,

229 2121 262 2169 ut
292 2118 401 2168 taceam
426 2114 462 2168 de
488 2113 600 2168 serioris
625 2114 687 2168 aeri
711 2114 915 2184 grammaticis,
940 2131 974 2169 ea
1001 2130 1074 2186 quae
1097 2113 1286 2181 Quintilianus

230 2204 323 2277 affert,
343 2222 442 2277 parum
456 2206 564 2263 hebent
576 2206 697 2273 fructum
719 2208 849 2281 Dionysii
863 2208 1121 2265 Halicamessensis
1134 2216 1287 2281 praecepte

228 2306 341 2355 tantum
361 2284 401 2354 de'
411 2299 527 2356 Graecis
547 2301 642 2356 valent
661 2308 689 2355 et
709 2300 769 2356 fere
788 2302 871 2356 nimis
890 2302 920 2356 in
940 2303 1099 2357 uuiversum
1118 2300 1195 2357 dicte
1212 2311 1285 2355 sunt.

232 2391 291 2446 Sed
311 2401 405 2447 temen
426 2394 450 2448 si
469 2411 487 2448 a
506 2392 644 2449 Cicerone
664 2393 874 2465 proficiscimur,
896 2396 1028 2466 quoniam
1048 2394 1286 2454 huiusoratienes

215 2504 297 2546 'cum
317 2486 473 2558 praeceptis
494 2485 531 2541 ab
551 2486 614 2557 ipso
634 2487 707 2541 datis
728 2504 893 2558 comparere
913 2488 988 2556 licet,
1007 2493 1095 2544 totam
1115 2488 1150 2542 de
1170 2503 1285 2541 numero

231 2580 400 2635 Latinorum
420 2579 613 2651 quaestionem
633 2579 779 2651 profligari
792 2598 875 2652 posse
888 2598 945 2637 non
959 2581 1075 2637 dubium
1088 2579 1154 2635 mihi
1168 2580 1285 2635 videtur.

312 2673 434 2728 Necesse
452 2680 496 2727 est
515 2679 609 2728 autem
628 2681 695 2728 ante
712 2675 815 2743 omnia,
836 2682 867 2730 ut
880 2674 1005 2745 singulas
1018 2693 1063 2730 res
1075 2690 1161 2746 quam
1174 2689 1288 2728 accurs·

230 2766 340 2822 tissime
359 2783 585 2838 percenseamus.
619 2767 658 2821 Ut
677 2767 751 2821 enim
771 2785 816 2821 res
830 2767 946 2823 metrica
958 2768 1144 2823 recentiorum
1157 2765 1287 2838 profecte

232 2866 313 2914 este
333 2860 506 2931 singularum
527 2876 619 2914 rerum
640 2859 853 2930 diligentissima
872 2861 1120 2931 pervestigatione,
1144 2859 1185 2914 ita
1203 2858 1285 2914 nobis

232 2966 345 3022 quoque
363 2952 392 3007 in
412 2968 458 3006 res
478 2952 599 3007 minutas
619 2961 713 3023 atquc,
734 2960 766 3008 ut
785 2953 880 3008 multis
899 2954 1020 3008 fortasse
1040 2952 1216 3018 videbuntur,
1237 2969 1285 3022 pu·
1319 3015 1325 3024 ‚

233 3043 312 3098 silles
338 3049 507 3102 descendere
532 3065 647 3102 necesse
675 3033 726 3102 est.¹
767 3049 831 3102 Hoc
857 3046 986 3103 officium
1011 3048 1117 3119 primus
1146 3047 1286 3119 praestitit

150 3215 154 3220 Ι
236 3133 376 3208 Georgius
389 3140 490 3198 Wuest
503 3141 700 3198 dissertatione
714 3159 788 3212 quse
802 3125 976 3197 inscribitur:
996 3142 1041 3196 De
1055 3141 1181 3198 clsusuls
1192 3143 1286 3199 rheto-

233 3229 295 3284 rica
315 3248 387 3301 quae
406 3236 550 3306 praecepit
571 3235 669 3290 Cicero
690 3243 829 3305 quatenus
854 3235 1079 3295 lucrationibus
1103 3243 1215 3291 secutus
1240 3238 1285 3310 sit,

231 3323 416 3395 Argentorati
438 3328 522 3385 1881.
560 3327 649 3382 Multa
668 3328 715 3384 hic
734 3337 812 3384 recte
832 3331 975 3401 exposuit;
995 3347 1059 3384 cum
1079 3337 1173 3385 antem
1192 3348 1285 3403 neque

230 3419 336 3486 omnia,
356 3437 430 3490 quae
450 3420 540 3490 affert,
560 3421 720 3493 approbare
734 3422 838 3493 possim
852 3439 944 3493 neque
956 3431 1045 3479 totam
1058 3423 1133 3478 hanc
1147 3423 1287 3494 quaestio·

227 3526 296 3566 nem
316 3513 363 3567 ille
382 3515 425 3568 vir
444 3515 543 3570 doctus
563 3515 725 3584 absolverit,
746 3517 852 3588 quippe
871 3519 920 3588 qui
940 3519 992 3578 soli
1012 3519 1156 3574 clausulae
1169 3534 1285 3587 operam

228 3604 353 3669 dederit,
380 3616 475 3662 cetera
500 3625 573 3679 quae
598 3611 634 3663 ad
661 3626 807 3664 numerum
831 3611 986 3681 pertinent,
1011 3611 1095 3682 plene
1119 3610 1284 3679 seposuerit,

225 3714 288 3753 non
308 3698 431 3753 alienum
451 3701 518 3755 mihi
538 3689 646 3756 videtur
666 3702 694 3755 in
715 3702 833 3756 eandem
854 3720 913 3758 rem
933 3706 1027 3760 denuo
1039 3703 1190 3776 inquirere.
1228 3705 1285 3762 lta·

225 3807 286 3861 que
304 3791 440 3862 primum,
464 3793 531 3864 quid
557 3812 590 3848 ex
610 3802 733 3848 veterum
755 3795 921 3850 testimoniis
941 3796 1050 3851 fructus
1071 3796 1166 3867 colligi
1185 3800 1283 3870 possit,

224 3898 385 3953 exponam
419 3885 520 3940 deinde
554 3886 591 3940 ad
623 3885 700 3956 ipses
733 3886 875 3941 orationes
904 3890 1112 3958 percensendas
1141 3891 1283 3958 transib03

125 3977 148 3990 ‘
223 3982 372 4046 postremo
406 3978 482 4031 unde
514 3974 652 4032 Cicerone
690 3993 821 4033 numeros
865 3981 1047 4051 assumpserit
1090 3983 1284 4040 demonstrare

223 4065 364 4125 conabor.
409 4139 410 4142 Ἴ
