3000 4450
610 308 795 379 „m-

111 562 113 565 ι
180 489 221 545 Cf.
236 490 305 544 Luc.
322 488 446 557 Mueller,
470 487 512 540 De
531 505 562 540 re
581 485 696 543 metrica
710 485 883 553 Latinorum,
905 503 931 555 p.
954 485 1008 539 316
1030 501 1089 555 sqq.
1126 484 1230 538 Contra

177 601 321 656 perpauca
341 588 439 638 extant
459 567 590 653 erempla
609 583 763 652 productae
789 581 902 636 vocalis.
943 581 1042 649 ltaque
1068 579 1097 632 in
1122 578 1176 633 hac
1200 596 1230 632 re

175 684 275 749 poetae
296 694 329 730 eo
350 676 515 746 integriores
536 681 621 729 testes
642 673 765 731 habendi
787 680 859 741 sunt,
881 674 955 744 quod
977 672 1019 725 vel
1039 676 1136 726 contra
1151 690 1229 726 usum

176 771 347 825 Graecorum
368 769 418 823 tali
439 768 480 823 usi
502 775 567 821 snut
587 767 727 838 prosodia.
769 767 857 833 Quem
878 784 913 818 ne
935 760 1117 833 offenderent,
1139 773 1231 837 poste·

177 865 263 919 riores
285 864 398 919 omnino
419 863 523 917 talibus
545 860 780 917 collocationibus
795 878 825 913 se
840 860 1044 923 abstinuerunt,
1066 860 1231 913 invenimus-

177 976 232 1030 que
252 961 327 1030 apud
347 957 398 1013 hos
419 957 585 1012 incredibile
607 973 690 1029 quam
705 972 769 1009 raro
783 955 895 1009 brevem
910 953 1034 1010 vocalem
1050 952 1230 1023 sequentibus

175 1054 285 1108 duabus
306 1051 539 1115 consonantibus;
561 1051 589 1104 id
610 1051 685 1121 quod
706 1050 781 1120 apud
796 1050 920 1104 Graecos
935 1047 1047 1102 minime
1067 1046 1230 1100 inusitatum

175 1153 225 1201 est.
266 1144 425 1217 Fugiebant
444 1150 536 1197 autom
558 1150 659 1212 poetae
673 1142 769 1196 Latini
790 1144 867 1208 talia,
887 1158 923 1195 ne
944 1148 992 1196 aut
1012 1148 1111 1196 contra
1131 1158 1247 1197 sermo.

175 1239 218 1290 nis
240 1237 335 1290 Latini
355 1235 586 1289 consuetudinem
608 1241 656 1289 aut
677 1242 778 1289 contra
798 1235 970 1289 Graecorum
991 1242 1142 1306 praecepta
1168 1254 1232 1305 pec·

179 1334 285 1382 carent.
325 1328 431 1393 Quodsi
455 1327 595 1380 Ciceronis
617 1345 695 1381 usum
717 1328 896 1394 consulimus,
918 1328 1041 1380 videmus
1061 1329 1135 1382 hunc
1155 1329 1182 1381 in
1199 1346 1233 1382 ea

176 1437 207 1472 re
237 1435 293 1473 non
324 1437 403 1473 secus
431 1436 460 1473 se
487 1419 592 1475 habere
617 1424 701 1490 atque
726 1425 835 1490 poetas.
875 1419 1057 1490 Perspicuum
1082 1425 1124 1474 est
1149 1420 1230 1487 enim,

177 1514 250 1583 apud
272 1512 481 1584 huncquoque
501 1516 641 1584 quandam
662 1513 759 1584 fugam
780 1514 878 1568 harum
900 1514 1114 1568 collocationum
1135 1512 1231 1569 fuisse.

175 1611 270 1676 Atque
291 1606 318 1659 in
339 1612 398 1660 toto
420 1607 526 1660 ambitu
548 1607 657 1661 illarum
679 1624 730 1662 sex
750 1598 920 1676 orationum,
947 1625 1064 1677 quarum
1091 1608 1230 1660 clausulas

106 1692 109 1701 “
178 1700 266 1753 oculis
287 1699 402 1768 subieci,
424 1719 478 1753 non
501 1703 563 1770 plus
584 1718 668 1754 untim
689 1707 769 1753 extat
782 1701 941 1770 exemplum
955 1688 1107 1767 clausulae,
1129 1700 1156 1752 in
1173 1717 1229 1768 qua

174 1793 286 1847 brevem
312 1794 436 1847 vocalem
459 1792 571 1848 finalem
596 1801 729 1864 sequatur
756 1811 913 1849 consonans
944 1795 1054 1865 dupler⁴
1096 1794 1147 1847 Est
1176 1796 1231 1847 hoc

176 1888 210 1938 de
237 1885 353 1955 imperio
373 1882 433 1940 ΧΠ
453 1886 503 1940 33:
531 1892 672 1955 potestate
698 1887 801 1940 sciatis
842 1893 936 1956 Atque
960 1888 1015 1939 hoc
1043 1884 1104 1939 loco
1126 1885 1232 1940 Gellius

175 1998 208 2034 ex
234 1987 356 2034 veterum
382 1981 512 2034 codicum
543 1981 708 2035 auctoritate
739 1975 933 2050 ,potcstatcm‘
964 1979 1140 2034 scribendum
1171 1996 1232 2033 esse

175 2074 251 2128 dicit.
286 2074 373 2128 Addit
391 2076 463 2128 haec
484 2073 529 2140 (N.
552 2079 586 2126 A.
608 2073 629 2140 l,
653 2074 678 2137 t,
701 2069 763 2140 ΞΟ);
786 2073 876 2140 „illud
892 2074 965 2126 enirn
986 2067 1036 2138 (sc.
1051 2070 1232 2142 potestatem)

178 2167 217 2219 sic
248 2168 431 2237 compositum
463 2166 612 2220 iucundius
636 2167 672 2220 ad
703 2183 797 2220 aurem
827 2166 1061 2236 completiusque,
1091 2166 1232 2219 insuavius

177 2260 233 2316 hoc
253 2260 498 2331 imperfectiusque
518 2253 586 2313 est.“
628 2260 712 2316 Vides
733 2259 824 2314 Gellio
845 2260 1019 2330 displicuisse
1040 2276 1100 2312 eam
1122 2265 1234 2329 compo·

177 2356 306 2409 sitionem
340 2355 497 2419 vorborum,
529 2370 584 2424 qua
618 2353 729 2408 brevem
761 2354 883 2412 vocalem
918 2352 1031 2407 finalem
1065 2351 1230 2422 exciperent

175 2454 248 2506 duae
282 2458 483 2514 consonantes;
523 2450 597 2519 quod
632 2449 704 2503 idem
739 2450 775 2502 de
810 2447 943 2502 Cicerone
977 2447 1158 2501 statuendum
1192 2447 1231 2499 vi-

174 2544 263 2597 detur.
326 2544 415 2608 Quam
453 2529 576 2596 studiose
626 2547 719 2595 autem
773 2540 870 2609 Cicero
921 2531 1016 2595 talem'
1051 2539 1225 2610 compositio-

175 2654 239 2690 nem
260 2634 394 2703 vitaverit,
427 2653 462 2687 ex
492 2633 544 2686 hoc
575 2633 697 2705 intellegi
723 2640 824 2705 potest,
856 2636 931 2705 quod
956 2651 1107 2705 nunquam,
1139 2652 1225 2704 quan-

176 2735 236 2782 tum
257 2728 374 2797 videam,
395 2728 422 2782 in
444 2727 571 2782 clausula
584 2726 670 2782 habet
690 2723 791 2798 ‚spero‘
813 2729 998 2783 antecedente
1011 2726 1156 2794 infinitivo,
1177 2746 1230 2782 nec

175 2823 265 2892 magis
286 2817 363 2891 ‚scio‘
384 2823 426 2876 vel
447 2817 581 2891 ‚scimus‘3
607 2838 682 2891 quas
704 2822 860 2877 locutiones
880 2829 974 2877 tamen
995 2822 1093 2893 quovis
1113 2820 1175 2875 loco
1197 2840 1226 2874 se

176 2914 306 2968 offerunt.
348 2914 414 2969 Sine
438 2915 636 2985 dubioigitur
660 2914 743 2969 Gellii
767 2916 850 2969 lectio
876 2917 1038 2985 adaptanda
1064 2921 1106 2968 est
1136 2933 1228 2985 neque

176 3005 384 3060 assentiendum
405 3008 542 3069 Wuestio‚
563 3007 619 3075 qui,
640 3007 720 3076 quasi
740 3024 784 3059 res
804 3024 855 3076 per
876 3025 906 3061 se
926 3011 1008 3063 clara
1021 3009 1065 3076 sit,
1086 3009 1161 3063 vocis
1182 3026 1231 3080 po-

176 3102 279 3151 testate
299 3103 455 3154 extremam
475 3097 615 3169 syllabam
635 3099 751 3169 produci
772 3092 853 3170 putat
874 3098 951 3170 (pag.
973 3098 1032 3169 67).

255 3188 383 3245 Ceterum
403 3191 504 3246 comici
517 3190 618 3260 Latini,
639 3208 809 3262 quamquam
824 3195 853 3247 in
868 3193 1023 3248 universum
1038 3195 1106 3249 satis
1127 3195 1230 3265 integri

176 3277 259 3337 nobis
279 3289 409 3339 auctores
430 3283 554 3339 habendi
574 3290 653 3351 sunt,
673 3291 766 3338 tamen
787 3301 843 3339 non
864 3287 977 3342 omnino
996 3289 1130 3358 prosodia
1152 3289 1228 3344 Cice-

174 3375 250 3429 ronis
271 3375 308 3430 ad
329 3394 391 3431 eam
411 3394 537 3432 normam
560 3377 708 3448 dirigenda
727 3384 779 3433 est.
814 3380 892 3434 Alius
913 3388 955 3435 est
975 3381 1048 3435 enim
1069 3398 1159 3436 sermo
1174 3382 1230 3435 vul-

174 3468 351 3541 gauselius
372 3487 463 3526 sermo
484 3471 630 3539 oratorius,
653 3472 700 3543 qui
716 3471 817 3527 altiore
831 3472 935 3528 incedit
950 3474 1096 3529 cothurno.
1130 3475 1229 3544 Itaque

173 3578 230 3616 non
251 3561 449 3633 adoptabimus
474 3582 565 3635 neque
591 3564 729 3619 aPlauto
749 3546 841 3636 neque
862 3585 880 3621 a
900 3566 1019 3621 satiricis
1040 3560 1118 3636 (nam
1138 3569 1165 3621 hi
1193 3568 1229 3619 ad

172 3655 292 3739 comicos
306 3660 445 3742 proxime
465 3641 614 3744 accedunt)
636 3656 838 3744 abiectissimas
859 3661 922 3714 illas
942 3660 1102 3730 prosodias:
1129 3635 1225 3730 homo,

172 3748 244 3817 volo,
267 3765 338 3818 amo,
357 3755 459 3808 nedum
481 3753 557 3807 illas:
578 3754 646 3824 ipse,
668 3754 728 3822 iste,
749 3754 803 3807 ille.
840 3753 995 3823 Sequemur
1007 3753 1036 3805 in
1056 3753 1099 3807 his
1120 3761 1228 3809 ceteros

171 3846 280 3911 poetas,
302 3846 432 3913 quoniam
452 3846 535 3900 nullis
550 3845 720 3901 Graecorum
742 3845 877 3915 exemplis
897 3847 1044 3913 ducantur,
1066 3848 1113 3899 sed
1136 3845 1227 3915 gravi-

172 3932 240 3987 tatis
260 3936 362 4004 studio‚
384 3956 466 4009 quam
489 3940 600 4009 quidem
624 3939 720 3993 Cicero
741 3957 797 3994 non
819 3938 910 3992 minus
931 3937 984 3990 illis
1005 3937 1184 4007 sequebatur.

250 4028 332 4095 Quod
346 4030 448 4085 attinet
462 4032 497 4086 ad
512 4033 599 4087 verba
612 4032 687 4100 mihi,
708 4031 769 4100 tibi,
792 4032 854 4100 sibi,
867 4030 924 4097 ubi,
941 4029 1078 4084 assentior
1089 4028 1227 4082 Wuestio,

173 4121 241 4175 certi
273 4123 425 4196 quidquam
457 4126 491 4179 de
518 4125 659 4181 Ciceronis
689 4143 740 4180 usu
771 4124 864 4179 adhuc
893 4120 1029 4176 affirmari
1057 4136 1114 4174 non
1146 4125 1228 4190 'posse
