3000 4450
696 243 891 331 -sef

263 417 327 491 92):
351 420 518 491 „iambicae
537 418 623 488 igitur
643 433 725 472 voces
746 422 890 471 extremae
921 414 1021 469 merito
1051 430 1069 467 a
1089 410 1226 467 Cicerone
1254 411 1318 466 dili·

264 523 383 588 „gentcr
402 516 524 573 vitantur
544 517 571 566 et
591 511 659 566 inde
683 517 762 565 recte
792 510 859 564 illud
892 508 1058 577 explicatur,
1088 506 1163 575 quod
1194 505 1320 561 clausula

263 611 450 680 „dochmiaoa
470 604 508 674 (υ
521 646 547 654 -
560 646 587 654 -
602 625 605 675 l
622 640 646 658 e
660 598 709 675 -),
729 619 813 674 quarn
834 603 932 673 quovis
952 603 1016 657 loco
1038 606 1134 670 aptam
1144 615 1205 652 esse
1218 598 1317 653 Cicero

262 701 437 769 „contendit
467 701 496 755 in
526 699 589 768 ipsa
618 698 725 767 optima
754 697 870 766 periodo
901 695 986 766 longe
1005 692 1121 747 inferior
1141 699 1184 746 est
1203 709 1319 745 numero

265 795 395 865 „periodi
414 800 564 857 extremae,
585 805 756 861 quamquam
781 790 853 845 hanc
882 788 994 843 unicam
1025 787 1106 841 huius
1135 784 1175 838 rei
1206 801 1319 840 causam

264 905 346 956 ‚,csse
366 904 403 941 ne
422 886 483 956 ipse
504 884 615 954 quidem
636 877 749 940 eredo.“

341 980 450 1049 Nempe
479 985 559 1048 putat
585 976 685 1030 Wucst
714 983 773 1030 tres
793 974 1041 1030 Ciceronianamm
1071 972 1229 1026 orationum
1259 986 1321 1024 esee

262 1080 386 1136 aetatem
406 1089 444 1126 ex
462 1071 505 1125 bis
527 1069 646 1125 mediam
667 1086 729 1123 esse
749 1068 884 1136 optimam
907 1072 993 1135 atque
1014 1064 1042 1119 in
1063 1064 1185 1118 numeris
1205 1062 1321 1132 diligen-

264 1164 410 1221 tissimam.
451 1162 529 1221 Vidit
547 1170 631 1231 recte,
652 1164 681 1217 in
701 1163 796 1217 media
815 1168 910 1217 aetate
931 1161 1021 1215 multo
1040 1158 1162 1215 rariores
1172 1175 1233 1211 esse
1247 1157 1322 1212 clau·

268 1258 344 1313 sulas
365 1256 545 1311 dochmiacae
566 1270 649 1325 quam
671 1256 699 1309 in
720 1262 856 1310 extrema.
896 1253 954 1308 Sed
983 1253 1059 1321 quod
1089 1252 1164 1305 hunc
1193 1250 1323 1305 differen-

269 1350 337 1404 tiam
353 1354 485 1404 aetatum
516 1348 671 1403 diversitati
700 1355 786 1417 atque
808 1346 949 1401 Ciceronis
982 1345 1145 1415 diligentiae
1173 1344 1202 1397 in
1232 1344 1322 1397 media

269 1448 363 1498 aetate
383 1442 524 1496 maximae
544 1440 643 1496 deberi
662 1446 754 1509 putat,
775 1440 804 1492 in
825 1438 880 1493 hac
899 1456 930 1492 re
950 1437 1129 1495 vehementer
1148 1445 1232 1490 errat

346 1534 419 1588 Num
439 1549 502 1589 cum
523 1550 571 1586 eex
590 1532 656 1586 illae
676 1531 828 1593 orationes,
853 1544 971 1598 quarum
1000 1530 1141 1584 clausulae
1169 1530 1258 1584 oculis
1279 1547 1323 1583 su-

269 1626 353 1695 bieci,
373 1641 469 1680 omnes
488 1625 563 1679 intra
582 1638 689 1694 paucos
709 1639 800 1678 annos
820 1622 935 1677 habitae
946 1622 1011 1691 sint,
1025 1628 1124 1676 tantae
1142 1629 1236 1676 tamen
1257 1628 1322 1675 sunt

268 1719 342 1775 inter
361 1734 410 1773 eae
430 1717 605 1774 differentiae
625 1734 814 1785 numerorum,
834 1723 866 1771 ut
886 1717 1005 1771 maiores
1036 1733 1100 1770 esse
1129 1717 1177 1771 vix
1205 1717 1323 1786 possint.

269 1812 371 1868 Nonne
390 1811 476 1880 vides,
498 1810 724 1866 Catilinariarum
744 1827 875 1864 numeros
902 1810 1061 1878 discrepare
1081 1828 1099 1865 a
1118 1808 1240 1863 numeris
1261 1825 1324 1865 ora·
1358 1854 1362 1859 .

269 1905 354 1961 tionis
373 1919 425 1976 pro
446 1904 524 1960 Sulla
544 1902 668 1970 habitae,
688 1921 751 1956 cum
771 1902 893 1970 epatium
914 1902 1089 1956 interiectum
1110 1902 1151 1971 sit
1165 1915 1321 1970 paucorum

269 1990 425 2054 mensium?
455 1996 615 2053 Gratiorum
640 1997 767 2051 actiones
790 2013 856 2050 vcro
877 2001 937 2050 toto
958 1996 1038 2057 coelo
1057 2013 1075 2051 a
1095 1994 1264 2051 Catilinariia
1284 1995 1324 2049 di·
1392 1998 1396 2005 ’

270 2097 353 2147 stant.
393 2091 427 2144 In
447 2091 511 2160 illie,
531 2099 563 2146 ut
582 2092 618 2145 de
638 2090 700 2145 aliis
722 2091 929 2145 discriminibus
949 2097 1069 2153 taceam,
1089 2087 1213 2145 dochmii
1233 2088 1324 2143 rario-

270 2200 315 2240 res
335 2191 507 2255 comparent,
533 2185 562 2240 in
582 2183 627 2239 hic
648 2184 800 2239 admodum
830 2183 917 2237 multi.
958 2183 1041 2238 Hanc
1072 2189 1165 2237 autem
1196 2180 1325 2237 differen-

269 2277 338 2334 tiam
357 2278 467 2349 generis
488 2292 550 2333 esee
570 2283 650 2346 puto,
680 2295 738 2331 non
765 2276 874 2332 aetatis.
916 2277 954 2330 Ut
974 2276 1047 2330 enim
1067 2282 1154 2346 poeta
1172 2271 1233 2344 pro'
1246 2276 1326 2331 varia

269 2370 386 2425 materie
407 2370 501 2424 metris
522 2384 635 2439 quoque
656 2369 739 2423 variis
760 2370 857 2438 utitur,
883 2369 924 2422 ita
944 2369 1028 2422 etiarn
1049 2376 1154 2423 orator.
1195 2370 1231 2423 Et
1250 2369 1324 2422 vide-

268 2470 315 2517 tur
333 2462 401 2517 mihi
422 2463 614 2517 dochmiorum
635 2464 784 2516 multitudo
816 2480 848 2515 ex
877 2461 974 2514 indole
1006 2460 1231 2516 Catilinariarnm
1261 2469 1325 2517 orta

269 2572 340 2624 esse,
361 2556 466 2625 quippo
486 2570 559 2625 quae
579 2557 614 2609 sit
635 2555 722 2612 multo
742 2555 885 2609 incitatior
905 2562 990 2624 atque
1020 2554 1211 2609 vehementior
1239 2563 1326 2624 tluam

268 2648 334 2703 illae
354 2649 509 2718 gratiornm
530 2649 656 2703 actiones
677 2649 768 2717 magis
788 2646 882 2702 factae
902 2649 939 2701 ad
971 2647 1116 2702 auditores
1146 2649 1329 2703 delectandos

269 2755 354 2810 qnam
373 2741 597 2798 commovendos.
638 2740 683 2796 Ad
704 2740 872 2796 furibundas
892 2740 1035 2795 orationes
1063 2740 1208 2796 dochmios
1238 2742 1330 2811 aptio·

268 2851 314 2891 res
333 2851 395 2889 ease
414 2833 544 2905 arbitror,
574 2852 637 2890 curn
658 2834 801 2889 clausulae
828 2835 949 2888 creticae
982 2835 1135 2890 sedatiores
1164 2852 1225 2888 esse
1256 2833 1332 2887 ride·

270 2935 364 2983 antur.
404 2927 506 2997 Itaque
538 2942 594 2997 quo
625 2927 717 2997 magis
749 2934 848 2981 orator
877 2926 1007 2996 insurgit,
1039 2944 1072 2982 eo
1101 2926 1191 2995 magis
1216 2942 1333 2980 numero

270 3021 464 3077 dochmiorum
485 3040 611 3078 crescere
631 3022 749 3078 videtur.
791 3020 889 3076 Oratio
911 3035 965 3090 pro
986 3021 1103 3091 imperio
1123 3029 1152 3075 et
1171 3020 1327 3091 gratiarum

271 3114 396 3174 actiones
426 3113 571 3170 dochmiue
601 3129 760 3185 perpaucos
790 3114 910 3178 habent;
942 3114 1059 3171 Sullana
1087 3107 1209 3169 medium
1233 3115 1327 3169 locum

270 3212 357 3266 tenet.

352 3300 481 3357 Ceterum
501 3318 537 3355 ne
555 3299 610 3357 hoc
631 3300 743 3370 quidem
764 3317 859 3355 verum
879 3319 950 3364 esee,
970 3301 999 3353 in
1020 3301 1052 3354 iis
1073 3301 1262 3367 orationibus,
1277 3299 1330 3354 ubi

272 3394 363 3454 rarior
383 3394 419 3449 sit
440 3394 594 3463 dochmine,
613 3394 765 3450 iambicam
784 3411 878 3449 vocem
899 3401 1055 3449 extremam
1072 3395 1179 3459 evitari,
1200 3392 1333 3449 extabu-

273 3488 308 3546 lis
329 3489 431 3544 nostrie
451 3487 533 3544 facile
553 3487 739 3544 concluditur.

352 3583 408 3640 Pro
431 3583 549 3652 imperio
569 3581 625 3639 vll
646 3583 696 3637 18:
717 3582 870 3640 collocatas
890 3581 1005 3638 habent.

354 3675 423 3730 Cum
442 3676 552 3733 senatui
572 3676 601 3729 II
621 3676 651 3731 3:
673 3677 771 3731 salutis
790 3693 879 3732 meae.

570 3769 627 3823 VII
649 3771 696 3824 16:
719 3769 837 3824 consilia
857 3769 944 3838 pestis
964 3784 1052 3823 meae.

569 3861 597 3915 X
617 3863 666 3918 26:
688 3861 833 3931 dignitatis
853 3879 940 3916 meae.

572 3954 630 4009 ΧΠ
649 3955 698 4009 3οε
720 3954 818 4010 salutis
837 3970 926 4018 meae,

570 4045 643 4100 XIII
663 4047 714 4103 32:
735 4046 861 4101 inimicus
881 4046 949 4101 scio.
