3000 4450
637 256 826 321 ..35.„

202 451 315 506 ¹quoquc
339 431 464 487 dichorei
488 431 607 486 abusum
632 431 745 484 Asianis
776 430 882 500 probro
913 433 1007 495 daret,
1036 431 1198 485 Ciceronem
1228 430 1258 483 in

204 528 277 582 idern
297 525 392 580 vitium
412 524 542 578 incidisse
562 540 618 577 non
642 524 797 578 adnotavit.

282 618 411 674 Ceterum
431 618 502 671 baec
523 618 632 671 iteratio
654 622 681 671 et
707 618 788 688 quasi
812 617 958 686 responsio
985 617 1106 671 maxime
1130 615 1162 670 fit
1182 612 1260 671 'iuter

205 713 345 767 clausulas
369 706 488 765 creticus
503 711 727 780 <dichoreasqua
770 710 899 764 Dochmii
925 726 1094 780 quamquam
1118 709 1172 779 ipsi
1193 727 1260 780 quo·

204 822 259 876 que
277 805 414 859 iterantur
434 797 485 870 (cf.
506 819 530 856 e.
553 820 577 855 c.
598 810 650 871 pr⁰
666 801 744 856 Sulla
764 797 835 854 XIV
855 802 900 855 41.
921 802 968 856 42.
988 798 1102 855 XXVII
1123 801 1168 856 74.
1190 797 1259 870 to),

203 908 298 953 tamen
321 902 381 951 tam
407 896 556 951 acervatim
583 913 640 950 nou
662 897 931 950 solentoccurrere.
972 893 1072 965 ltaque
1092 894 1160 947 illud
1184 892 1260 948 Cice-

203 991 279 1045 ronis
299 995 490 1061 praeceptum,
512 1005 568 1058 quo
588 989 747 1042 dochmium
767 988 857 1057 repeti
873 995 982 1040 vetatur
1003 983 1085 1053 (orat.
1107 982 1186 1054 218),
1207 987 1261 1040 etsi

203 1103 260 1144 non
281 1090 324 1138 est
343 1091 458 1150 rectum,
479 1088 574 1136 tamen
595 1099 612 1136 a
631 1082 748 1135 veritate
771 1098 826 1135 nou
847 1081 963 1136 multum
984 1080 1075 1134 abest.
1098 1068 1100 1079 ¹

697 1325 711 1384 t
732 1325 759 1378 c.

267 1435 335 1516 De
367 1433 454 1514 aliis
487 1432 688 1513 orationis
720 1431 910 1537 partibus
942 1432 1187 1513 numerosis,

281 1619 410 1673 Vidimus
431 1620 573 1691 clausulas
594 1635 679 1687 saepe
699 1618 773 1670 inter
802 1637 833 1670 se
862 1619 1032 1686 respondere
1062 1602 1148 1685 seque
1178 1619 1258 1687 qnasi

204 1715 321 1768 munire.
360 1713 465 1767 Verum
485 1730 542 1766 non
564 1713 652 1765 solum
674 1712 747 1764 inter
768 1730 797 1764 se
817 1714 997 1784 respondent,
1019 1712 1067 1764 sed
1089 1713 1172 1765 etiarn
1194 1730 1256 1766 oum

197 1806 262 1865 aliis
284 1806 483 1859 sententiarum
504 1804 640 1875 partibus,
671 1818 729 1873 quo
760 1806 800 1858 eis
830 1807 870 1858 vis
904 1807 987 1858 etiam
1019 1803 1109 1857 maior
1128 1807 1255 1861 accedat.

201 1900 263 1955 Hae
284 1899 484 1952 sententiarum
505 1905 599 1967 partes
619 1905 741 1965 possunt
764 1915 827 1951 esse
849 1897 991 1955 diversae:
1011 1914 1126 1951 necesse
1147 1905 1189 1951 est
1210 1915 1257 1953 au·

121 1991 124 1995 ’
201 1999 258 2047 tem
278 2010 396 2061 semper,
417 1998 448 2044 ut
467 1991 631 2060 perspicuae
652 1991 707 2043 sint
727 2004 813 2058 quam
833 1991 966 2052 maxime;
997 2007 1061 2041 nam
1088 1991 1171 2043 aliter
1195 1989 1255 2044 fieri

202 2087 258 2138 n'on
278 2090 382 2155 potest,
412 2090 444 2137 ut
464 2083 654 2152 percipiantur
679 2082 804 2137 auribus.
845 2082 937 2151 Saepe
968 2081 1047 2134 initia
1076 2084 1254 2151 periodorum

48 2196 51 2201 Δ
151 2212 152 2215 =
201 2190 349 2231 numerose
370 2176 546 2232 conformata
567 2183 640 2242 sunt,
661 2178 745 2246 saepe
766 2176 849 2230 etiam
871 2172 1254 2230 membrorumtineseodem

200 2286 316 2324 numero
337 2271 461 2323 distincti
482 2276 545 2322 sunt
566 2282 621 2337 qno
642 2270 786 2324 clausulae
806 2271 992 2339 periodorum.
1024 2267 1079 2322 Sed
1094 2268 1147 2321 hoc
1162 2286 1253 2322 exem·

200 2365 255 2433 plis
275 2363 374 2417 melius
394 2363 588 2418 illustrabitur.
787 2433 790 2439 Α

275 2457 305 2509 II
325 2456 387 2510 Cat.
407 2456 476 2510 114
498 2456 551 2508 sibi
572 2456 746 2525 respondent
767 2462 844 2509 certe
869 2456 940 2507 haec
961 2461 988 2506 ct
1009 2471 1123 2506 numero
1145 2460 1171 2507 et
1193 2473 1255 2507 sen-

199 2563 248 2602 su:
269 2553 302 2602 ut
320 2556 379 2601 tum
399 2550 493 2620 palam
507 2567 634 2618 pugnare
647 2549 775 2617 possetis,
797 2566 859 2602 curn
874 2548 982 2600 hostem
996 2552 1094 2615 aperte
1108 2546 1249 2602 videretis.

280 2641 310 2693 ΙΙ
337 2641 396 2695 Cat.
423 2642 446 2695 V
474 2643 490 2695 9
521 2641 648 2695 clausula
676 2642 842 2695 dochmiaca
871 2640 953 2709 quasi
982 2640 1168 2701 introducitur
1198 2639 1252 2694 alio

199 2734 328 2789 dochmio
348 2736 547 2803 praecedente:
573 2734 688 2788 libidine
715 2734 888 2803 audaciaque
908 2739 1085 2787 consumeret
1105 2726 1154 2800 (of.
1175 2734 1190 2793 ὃ
1211 2728 1251 2804 ll.

276 2828 304 2881 II
323 2827 385 2882 Cat.
407 2828 431 2881 V
453 2829 489 2881 10
509 2828 634 2880 clausula
654 2831 680 2879 A
701 2826 715 2879 I
736 2827 923 2879 introducitur
942 2826 1034 2879 forma
1053 2831 1079 2878 A
1100 2834 1251 2893 quaterre-

199 2920 300 2989 petita:
321 2937 373 2974 sua
386 2919 571 2989 profuderunt
593 2961 598 2973 .
622 2961 628 2972 .
651 2961 657 2973 .
681 2960 687 2972 .
710 2919 907 2987 obligaverunt
927 2958 1050 2972 .....
1072 2936 1116 2970 res
1131 2935 1180 2972 eos
1194 2919 1248 2972 iam

200 3012 319 3077 pridem,
338 3010 408 3065 fides
428 3026 520 3078 nuper
540 3011 660 3064 deficere
681 3012 783 3077 coepit.

276 3101 305 3156 II
326 3103 386 3155 Cat.
406 3103 449 3155 VI
476 3104 519 3156 13.
560 3102 630 3156 Cum
660 3103 819 3170 haesitaret,
851 3121 913 3156 cum
942 3111 1091 3173 teneretur,
1124 3106 1249 3174 quaesivi

200 3233 321 3250 .....
343 3211 403 3248 esse
424 3195 614 3262 praemissam.

275 3287 304 3340 II
324 3286 386 3342 Cat.
408 3287 461 3340 VII
483 3288 530 3341 14:
552 3288 632 3340 Nunc
653 3289 675 3341 si
696 3289 830 3352 Lucius..
853 3329 859 3341 .
883 3330 889 3343 .
910 3328 917 3342 .
939 3292 1104 3344 sententiam
1124 3297 1247 3346 mutave-

196 3379 233 3433 rit
235 3419 358 3447 .....
379 3379 501 3433 faciendi
521 3379 653 3435 abiecerit
656 3423 807 3450 ......
829 3383 954 3437 exsilium
975 3385 1158 3438 converterit:
1181 3423 1189 3440 .
1211 3425 1217 3439 .
1241 3426 1247 3440 .

197 3473 351 3528 existimari
372 3474 465 3527 velint.

270 3567 299 3620 II
319 3566 379 3622 Cas.
402 3567 471 3620 VIII
494 3569 542 3621 17:
565 3565 620 3621 Sed
641 3585 690 3621 cur
710 3575 768 3623 tarn
788 3571 836 3623 diu
857 3611 864 3625 .
885 3610 892 3624 .
916 3611 922 3624 .
946 3613 952 3624 .
973 3570 1041 3623 nihil
1063 3570 1198 3624 dicimus?

270 3660 300 3715 II
320 3660 382 3714 Car.
406 3660 474 3714 VIII
497 3662 545 3715 18:
568 3661 763 3717 honestissima
784 3705 905 3720 .....
928 3663 1168 3731 impudentissima

193 3752 223 3805 iu
243 3755 398 3807 vastatione
419 3797 426 3809 .
449 3796 455 3808 .
476 3792 483 3807 .
506 3794 511 3807 .
534 3753 641 3809 futuras
662 3764 745 3824 putas
767 3799 890 3813 .....
916 3755 1154 3824 pertimescendos
1180 3797 1187 3809 .
1209 3792 1246 3809 ..

195 3845 335 3910 sententia
352 3854 472 3914 possunt
493 3889 500 3903 .
522 3888 529 3902 .
551 3889 557 3901 .
580 3886 586 3900 .
607 3856 672 3901 vota
692 3849 795 3903 facturi
815 3887 824 3904 .
845 3891 852 3904 .
873 3890 879 3903 .
903 3867 979 3904 arma
999 3848 1090 3902 laturi.

271 3936 299 3990 II
325 3938 385 3993 Cat.
409 3937 452 3994 IX
476 3943 526 3995 20:
558 3946 650 3994 aetate
681 3941 736 3996 iarn
767 3943 909 3998 adfectum
932 3983 938 3996 .
960 3983 967 3996 .
988 3981 995 3996 .
1019 3983 1025 3995 .
1046 3940 1246 3995 exercitatione

192 4027 364 4084 robustum.
387 4070 395 4085 .
415 4072 422 4087 .
445 4075 451 4087 .
473 4033 597 4089 Catilina
617 4035 752 4090 succedit.
773 4035 855 4092 ibid:
877 4035 1035 4089 inciderunt
1057 4076 1064 4089 .
1085 4072 1091 4085 .
1115 4074 1121 4087 .
1143 4073 1150 4087 .
1171 4032 1248 4086 exci-
