3000 4450
696 224 882 287 ,42-

262 402 394 456 instituta
422 401 598 468 ‚,secundum
629 414 712 469 quam
745 398 893 453 verborum
926 395 1109 451 incisionibus
1142 394 1319 448 fundamenti

266 495 329 549 loco
349 493 447 565 positis
467 510 518 563 pro
539 498 728 547 extremarum
749 509 848 547 vocum
869 490 986 560 syllabis
1006 489 1147 543 clausulas
1168 504 1264 541 omnes
1288 488 1317 540 in

263 592 377 654 quattor
397 585 501 639 classes
527 585 685 655 discripsit‘
707 578 785 654 (pag.
807 580 864 647 94).
887 582 929 635 Ne
953 599 1016 636 cnm
1037 580 1181 637 Ciceronis
1206 579 1318 648 quidem

264 678 425 747 praeceptis
445 676 494 732 illa
513 679 584 733 ratio
605 677 750 732 conciliari
770 684 871 745 potest.
911 674 987 728 Nihil
1008 675 1080 728 enim
1101 671 1202 727 Cicero
1223 675 1257 724 de
1276 670 1317 725 iu·

264 770 418 823 cisionibus
442 771 541 833 tradit,
567 769 636 823 nibil
661 770 731 824 dicit
753 770 789 822 de
814 786 849 823 ea
870 787 914 835 re,
945 785 1011 821 num
1036 784 1091 820 vox
1116 764 1257 835 disyllaba
1281 780 1319 817 an

264 861 414 931 trisyllaba
434 881 469 917 au
491 861 676 932 tetrasyllaba
696 862 789 931 aptius
809 862 930 914 claudat.
970 859 1056 929 Atqui
1078 875 1140 912 cum
1163 859 1189 911 in
1211 856 1265 910 bac
1278 874 1321 921 re,

262 953 287 1007 si
306 955 466 1008 Wuestium
487 954 577 1019 audis,
597 953 633 1008 ab
655 954 822 1009 anctoritate
844 952 1014 1018 Graecorum
1038 951 1222 1021 discrepuerit
1240 950 1316 1019 leges

261 1045 384 1101 Latinae
404 1046 517 1116 linguae
537 1055 658 1113 secutus,
679 1052 780 1115 putare
799 1047 891 1115 possis
912 1063 974 1098 eum
988 1045 1039 1099 has
1053 1046 1128 1113 ipsas
1142 1042 1185 1098 res
1201 1041 1316 1096 maxime

260 1137 395 1193 babuisse
416 1146 598 1208 compertum.
633 1138 706 1205 Quin
727 1139 812 1192 etiam
827 1140 893 1192 illnd
909 1139 999 1208 ipsum
1014 1136 1171 1207 exemplum
1186 1133 1317 1202 dochmii,

262 1231 338 1299 quod
369 1230 418 1284 dat
447 1230 475 1284 in
503 1231 635 1300 Oratore,
668 1231 789 1299 ,amicos
818 1224 923 1296 lenes,
950 1248 1013 1284 curn
1036 1230 1157 1284 Wuestii
1187 1227 1317 1281 doctrina

262 1320 385 1376 maxime
406 1331 522 1391 pugnat.
563 1321 688 1392 Accedit,
710 1326 785 1393 quod
806 1325 935 1379 accentui
955 1339 991 1376 ne
1011 1329 1110 1393 poetas
1131 1321 1242 1392 quidem
1263 1318 1318 1373 illis

262 1414 436 1486 temporibus
457 1417 609 1485 quidquam
629 1416 762 1471 tribuisse
782 1423 902 1471 constat.
934 1468 944 1485 ,

757 1593 773 1653 a
793 1593 818 1646 a

416 1699 501 1782 Ubi
534 1701 741 1782 clausulae
776 1703 858 1783 sint
888 1700 1158 1782 necessariae.

338 1852 411 1906 lllud
431 1853 555 1907 nondum
577 1854 773 1922 quaesivimus,
792 1853 908 1909 ubinam
929 1854 1042 1907 omnino
1057 1854 1247 1923 expectandae
1261 1854 1319 1907 sint

261 1946 414 2001 clausulae,
454 1945 487 1999 ln
507 1945 666 2001 universum
691 1949 747 2002 hoc
774 1949 977 2014 intelleximus,
1008 1960 1148 2016 quamque
1172 1946 1318 2016 periodum

263 2053 412 2091 numerosa
432 2039 534 2091 cadere
554 2047 692 2110 oportere.
725 2040 809 2095 Nunc
830 2043 987 2096 accuratius
1007 2039 1251 2111 pervestigandum
1265 2046 1318 2105 est,

262 2129 363 2199 quibus
394 2130 462 2184 locis
491 2131 644 2186 subsistere
668 2134 759 2189 soleat
786 2137 884 2190 oratio.
925 2136 955 2190 Si
984 2135 1058 2189 enim
1087 2132 1230 2186 clausulae
1259 2145 1317 2183 non

261 2231 328 2279 sunt
349 2241 442 2279 merus
463 2225 605 2295 scriptoris
625 2227 716 2295 lusus,
737 2229 786 2282 sed
807 2230 844 2283 ad
865 2246 946 2283 aures
966 2234 1152 2299 perventurae
1172 2231 1249 2291 sunt,
1269 2240 1319 2277 ne-

261 2333 339 2371 cesse
360 2325 403 2370 est
423 2324 498 2371 certe
518 2335 566 2371 eas
586 2317 626 2371 ibi
646 2321 723 2388 poni,
744 2320 794 2374 ubi
814 2337 869 2375 vox
889 2321 1025 2375 subsistat
1045 2332 1182 2387 auresque
1202 2316 1318 2371 audien·

261 2409 329 2462 tium
360 2410 505 2478 paululum
537 2413 731 2480 acquiescant;
763 2414 791 2467 in
822 2415 912 2468 medio
943 2430 1026 2468 cursu
1051 2412 1185 2467 orationis
1210 2411 1317 2464 nullam

261 2500 369 2556 habent
393 2502 456 2555 vim·
498 2502 560 2558 Non
587 2513 663 2559 recte
686 2507 774 2578 igitur
804 2506 871 2560 fecit
894 2506 1006 2574 Wuest‚
1038 2509 1126 2576 quod,
1156 2503 1318 2571 ubicunqne

261 2594 351 2647 maior
372 2595 560 2665 interpunctio
581 2593 739 2668 (punctum,
760 2601 853 2663 colon,
873 2595 1040 2665 semicolon)
1061 2599 1153 2668 posita
1172 2604 1255 2663 esset,
1275 2594 1315 2650 ibi

261 2687 413 2740 clausulam
439 2689 599 2757 postulavit.
639 2690 734 2760 Atque
759 2691 832 2746 falso
857 2690 893 2746 ab
918 2708 953 2745 eo
978 2708 1035 2743 rem
1065 2684 1215 2744 tractatam
1245 2705 1316 2755 esse,

258 2796 316 2833 non
337 2780 420 2833 modo
441 2798 478 2834 ex
497 2782 552 2836 hoc
573 2784 677 2853 elucet,
704 2787 779 2854 quod
807 2785 951 2839 clausulae
975 2784 1026 2838 tali
1046 2784 1128 2837 modo
1150 2782 1315 2835 enucleatae

259 2889 360 2941 parum
379 2872 496 2927 habent»
505 2874 715 2944 aequabilitatis
729 2878 939 2946 nonnullasque
952 2883 1104 2931 occurrunt
1117 2876 1244 2935 vitiosae,
1265 2874 1328 2927 sed.

258 2965 344 3019 stiam
364 2968 508 3036 exemplo,
530 2971 604 3037 quod
625 2969 654 3022 in
676 2971 795 3026 Oratore
815 2965 883 3036 (213
903 2964 958 3039 sq.)
979 2968 1081 3024 Cicero
1100 2967 1197 3035 affert,
1225 2982 1316 3020 meam

259 3059 428 3112 sententiam
448 3059 628 3130 comprobari
647 3069 727 3131 puto,
748 3063 887 3116 clausulas
907 3069 1016 3116 tantum
1036 3063 1065 3115 in
1086 3061 1263 3131 periodorum
1283 3054 1315 3112 fi-

257 3150 354 3220 nibus,
380 3168 435 3206 non
462 3152 490 3206 in
515 3154 702 3209 membrorum
728 3157 901 3210 necessarias
926 3174 997 3212 esse.
1037 3155 1108 3210 Nam
1138 3172 1201 3210 cum
1232 3152 1316 3207 affert

258 3241 359 3298 Cicero
380 3261 417 3297 ex
438 3244 470 3299 C.
491 3243 630 3300 Carbonis
650 3251 779 3303 oratione
799 3250 882 3305 baec:
903 3251 936 3319 ,0
957 3249 1054 3303 Marce
1075 3247 1180 3315 Druse,
1201 3255 1314 3316 patrem

257 3335 384 3403 appello:
405 3343 437 3388 tu
457 3338 551 3394 dicere
565 3339 686 3408 solebas,
708 3359 817 3397 sacram
832 3360 894 3396 esse
906 3340 1122 3411 rempublicam;
1143 3340 1314 3411 quicumque

258 3444 320 3482 eam
339 3427 528 3497 violavissent,
555 3433 592 3486 ab
618 3434 747 3488 omnibus
768 3455 829 3489 esse
849 3438 875 3491 ei
901 3452 1008 3507 poenas
1035 3429 1216 3505 persolutas‘‚
1242 3431 1313 3486 nibil

257 3522 327 3576 dicit
350 3523 386 3577 de
410 3522 542 3578 clausulis
567 3526 768 3583 membrorum:
798 3537 906 3599 patrem
931 3530 1057 3599 appello,
1086 3536 1126 3582 et:
1157 3545 1218 3580 esse
1242 3542 1313 3579 rem-

256 3615 413 3684 publicam,
433 3619 481 3671 sed
502 3626 611 3673 tantum
632 3627 760 3675 versatur
780 3622 807 3675 in
829 3624 955 3678 clausula
974 3622 1161 3690 ditrochaica,
1188 3634 1244 3689 qua
1264 3632 1312 3688 pe-

256 3837 305 3893 sed
323 3854 355 3892 ex
374 3839 472 3892 catoris
490 3841 616 3908 partibus
634 3845 771 3914 perlectae
796 3848 872 3912 sunt,
895 3844 949 3899 nisi
972 3842 1043 3913 quod
1067 3840 1163 3896 Wnest
1186 3856 1312 3896 numeros

257 3926 425 3979 senectutem
443 3924 565 3983 redolere
583 3935 685 3985 censat.
712 3931 789 3985 ldam
807 3933 886 4000 vidit,
897 3932 968 3985 Phil.
980 3931 1042 3984 XIV
1063 3933 1182 3985 testante
1201 3944 1233 3982 ea
1250 3926 1312 3997 ipsa

255 4014 360 4087 tabula,
377 4032 457 4085 quam
476 4013 571 4070 Wuest
589 4017 712 4083 coniecit,
732 4017 767 4071 ad
784 4020 914 4089 optimam
931 4020 1043 4073 classem
1062 4017 1207 4089 pertinere.
