3000 4450
668 231 858 293 ..44-

238 409 354 473 totaque
375 409 486 457 constat
520 421 557 458 ex
576 405 721 459 sententiis
741 401 917 457 brevioribus
938 407 966 453 ct
987 398 1123 467 abruptis,
1146 395 1290 450 clausulae

239 510 441 564 nonnunquam
462 497 664 552 desiderentur.
706 498 849 559 Celerum,
874 496 948 565 quod
972 492 1019 547 rix
1043 505 1115 560 opus
1139 498 1181 543 est
1205 489 1292 555 dictu,

238 587 287 642 ubi
308 588 431 643 narratio
452 589 555 644 desinit
574 589 617 644 vel
637 590 740 645 insistit
761 589 944 658 aliquamdiu,
971 586 1098 641 clausula
1117 599 1214 639 carere
1233 596 1292 634 non

238 695 394 750 possumus.

313 775 481 844 Exemplum
501 776 530 829 in
545 775 694 843 Rosciana,
715 777 794 832 cuius
814 776 1003 830 narrationem
1023 787 1209 840 magnacum
1231 774 1292 823 arte

237 869 420 937 compositam
440 885 501 923 esse
522 875 642 935 constat,
663 877 742 925 extat
756 868 1012 924 luculentissimum.
1048 866 1143 935 Usque
1157 858 1292 916 adfinem

237 961 410 1031 paragraphi
436 962 471 1015 19
493 963 602 1031 periodi
627 962 798 1018 artificiosas
822 964 896 1017 inter
920 978 950 1015 se
975 965 1142 1028 sequuntur3
1173 970 1292 1025 quarum

235 1053 315 1123 nulla
334 1062 412 1108 caret
432 1054 567 1110 clausula.
602 1056 701 1112 Subito
716 1064 811 1112 orator
824 1055 900 1109 hunc
914 1053 1025 1108 dicendi
1045 1052 1159 1106 modum
1178 1046 1293 1102 deserit.

236 1146 275 1199 Ut
293 1160 363 1215 prae
383 1165 412 1200 se
432 1146 488 1201 fert
507 1167 641 1205 summam
661 1150 852 1204 incitationem
872 1155 901 1203 et
920 1147 1002 1217 quasi
1020 1145 1146 1215 trepidat
1174 1143 1213 1219 ad·
1234 1140 1294 1195 exi-

236 1246 305 1303 tum,
326 1241 479 1295 sententias
499 1243 649 1311 perbreves
670 1247 700 1296 et
719 1248 848 1296 carentes
869 1240 977 1296 ambitu
991 1237 1120 1293 effundit.
1153 1231 1293 1290 clausulis

236 1334 263 1387 ei
282 1333 338 1389 iam
358 1351 416 1389 uon
436 1342 479 1388 est
492 1351 572 1406 opus.
606 1337 707 1406 Itaque
720 1350 772 1404 per
786 1341 918 1405 quattuor
932 1332 1087 1387 sententias
1101 1335 1144 1384 ter
1155 1327 1293 1382 habemns

237 1427 438 1495 dispondeum,
464 1430 524 1497 qui,
550 1437 580 1483 ut
601 1428 701 1484 Cicero
721 1429 782 1497 ipse
801 1435 933 1492 testatur,
961 1422 1044 1497 (orat.
1071 1419 1139 1489 216)
1164 1421 1293 1476 hebetior

237 1502 346 1572 videtur
370 1526 399 1571 et
423 1521 542 1589 tardior,
573 1524 658 1577 semel
683 1522 768 1576 etiam
792 1521 934 1576 heroicam
958 1517 1113 1574 clausulam
1142 1516 1293 1585 pessimam

237 1618 322 1679 atque
342 1614 456 1667 omnino
475 1614 689 1682 repudiandam.
730 1615 862 1685 Sequitur
882 1613 1022 1668 sententia
1046 1627 1104 1666 non
1128 1608 1219 1664 minus
1243 1606 1293 1662 ab·

237 1712 322 1773 rupta
348 1719 430 1774 quam
457 1708 669 1776 antecedentem
694 1710 766 1763 haec
796 1716 890 1762 tamen
920 1706 1050 1761 distincta
1079 1708 1122 1758 est
1151 1702 1293 1765 dichoreo,

237 1798 304 1866 quia
323 1804 388 1866 post
408 1815 471 1853 eam
492 1807 587 1855 orator
607 1801 757 1870 requiescit
777 1799 949 1871 aliquamdiu
969 1806 1054 1867 atque
1067 1795 1197 1864 respirat·
1230 1795 1292 1861 Quo

238 1889 329 1960 facto,
352 1892 416 1945 inde
436 1909 454 1946 a
474 1891 565 1947 verbis
591 1893 651 1959 „Ne
672 1895 777 1949 diutius
798 1900 922 1962 teneam,
948 1886 1072 1947 iudices“
1093 1896 1189 1945 orator
1207 1887 1293 1956 plane

237 1985 336 2038 eodem
360 1985 444 2038 modo
474 1999 530 2054 quo
560 1992 644 2041 antea
673 1988 806 2057 trepidat.
846 1985 990 2040 Habemus
1019 1984 1109 2054 primo
1139 1982 1294 2037 clausulam

235 2076 411 2131 dichoream:
432 2078 551 2131 societas
572 2079 671 2134 coitur.
705 2080 776 2135 Post
795 2082 868 2136 hanc
889 2079 973 2134 Halm
993 2078 1113 2148 pessime
1134 2077 1169 2131 ad
1190 2091 1293 2130 norum

235 2176 323 2239 caput
345 2169 455 2225 transit.
496 2171 583 2225 Immo
609 2179 704 2227 orator
728 2191 785 2228 non
811 2174 888 2245 prius
915 2172 1021 2228 curauit
1050 2190 1101 2227 suo
1122 2170 1293 2238 moderatur,

235 2277 319 2332 quam
339 2265 483 2332 perveniat
504 2266 539 2320 ad
555 2264 650 2320 Sullae
663 2267 966 2330 commemorationem
987 2268 1083 2335 itaque
1096 2279 1147 2334 per
1160 2269 1296 2345 quattuor

234 2357 387 2410 sententias
407 2359 492 2414 semel
511 2358 647 2413 habemus
667 2360 824 2415 dochmium
844 2361 995 2415 admissum
1008 2358 1097 2428 magis
1111 2372 1195 2427 quam
1210 2371 1294 2426 quae·

239 2448 333 2515 eitum,
354 2450 439 2503 semel
459 2451 613 2505 clausulam
632 2452 672 2520 E,
694 2468 767 2523 quae
787 2454 851 2523 ipsa
871 2467 982 2522 quoque
1002 2457 1045 2505 est
1065 2451 1155 2504 minus
1175 2448 1292 2513 nobilis3

236 2539 280 2594 bis
302 2557 365 2594 vero
387 2543 528 2599 clausulas
548 2546 635 2613 plane
659 2545 836 2617 illegitimas,
861 2538 1034 2613 ,nohilitatis‘
1058 2549 1086 2597 et
1111 2540 1152 2612 ,fit
1171 2540 1291 2611 Chryso

239 2631 350 2702 gonus‘.
390 2630 459 2689 Post
492 2638 612 2701 ,milibus
642 2637 797 2694 nummum‘
829 2639 980 2710 requiescit
1009 2642 1104 2692 orator
1133 2641 1162 2689 et
1190 2635 1293 2690 deinde

234 2727 336 2781 transit
350 2730 385 2782 ad
400 2730 494 2784 Sullae
507 2732 707 2799 laudationem,
728 2747 803 2802 qnae
817 2748 906 2803 usque
920 2733 955 2787 ad
969 2729 1055 2785 linem
1067 2728 1240 2799 paragraphi
1255 2729 1291 2782 22

235 2824 324 2889 patet.
365 2821 443 2874 Haec
464 2836 519 2891 quo
540 2824 659 2880 clariora
678 2825 765 2893 fiant,
789 2831 880 2880 totum
906 2825 982 2879 hunc
1005 2824 1097 2879 locum
1122 2822 1163 2876 ita
1186 2828 1218 2875 ut
1236 2839 1290 2892 ego

234 2930 298 2966 eum
317 2920 386 2983 puto
406 2914 661 2988 interpungendum
675 2934 746 2984 esse,
766 2917 932 2972 describam.

313 3008 369 3076 „20
389 3008 562 3079 Quadriduo,
583 3025 638 3080 quo
659 3011 730 3065 baec
750 3018 833 3082 gesta
853 3018 931 3080 sunt,
952 3028 996 3064 res
1016 3011 1053 3065 ad
1076 3010 1291 3078 Chrysogonum

236 3100 282 3164 „in
308 3109 400 3155 castra
426 3102 457 3155 L.
486 3102 580 3157 Sullae
605 3104 767 3158 Volaterras
793 3104 930 3167 desertum
962 3103 1127 3172 magnitudo
1152 3101 1290 3171 pecuniae

235 3194 474 3260 „demonstratum
502 3193 614 3249 bonitas
637 3198 817 3265 praediorum
845 3192 922 3266 (uam
946 3197 1050 3251 fundos
1069 3196 1166 3250 decem
1186 3200 1214 3248 et
1233 3199 1292 3247 tres

236 3286 379 3355 ,‚reliquit‚
401 3288 447 3355 qui
461 3286 585 3341 Tiberim
606 3288 666 3343 fere
685 3306 782 3343 omnes
802 3286 947 3360 tangunt),
971 3290 1053 3348 huius
1078 3289 1175 3359 inopia
1199 3292 1228 3341 et
1248 3302 1292 3340 so·
1364 3357 1373 3364 ἱ

234 3378 341 3445 „titudo
356 3386 599 3445 commemoratum
614 3380 817 3444 demonstrant,
831 3400 894 3436 cum
904 3389 985 3452 pater
995 3384 1111 3438 huiusce
1122 3383 1150 3438 S.
1162 3381 1291 3447 Roscius,

238 3473 340 3538 „homo
365 3480 422 3526 tam
447 3474 610 3543 splendidus
635 3481 663 3527 et
682 3475 836 3546 gratiosus,
860 3477 938 3531 nullo
963 3477 1076 3547 negotio
1106 3477 1142 3529 sit
1171 3474 1291 3541 occisus,

239 3564 392 3633 „perfacile
412 3566 487 3621 huno
501 3565 641 3622 hominem
654 3568 798 3623 incautum
813 3577 841 3623 et
854 3571 988 3624 rusticum
1003 3576 1031 3623 et
1043 3571 1150 3624 Romae
1163 3569 1291 3637 ignotum

237 3660 291 3726 „de
312 3660 402 3730 medio
423 3660 481 3715 tolli
502 3674 599 3731 posse3
621 3663 656 3716 ad
677 3678 740 3716 eam
760 3679 818 3716 rem
838 3677 954 3732 operam
974 3679 1053 3718 suam
1073 3661 1250 3732 pollicentur.

283 3786 286 3789 ·
315 3754 376 3822 „Ne
396 3755 499 3810 diutius
520 3761 644 3824 teneam,
664 3756 784 3825 iudices,
805 3757 925 3811 societas
946 3757 1049 3820 coitum
1068 3754 1141 3810 VIII
1160 3757 1206 3810 21.
1227 3772 1291 3809 oum

237 3850 335 3915 „nulla
359 3851 414 3904 iarn
439 3850 651 3919 proscriptionis
675 3849 781 3904 mentio
805 3849 898 3919 fieret,
928 3868 992 3905 cum
1022 3849 1119 3916 etiam,
1151 3850 1199 3920 qui
1223 3854 1291 3904 ante

239 3950 424 4008 „metuerant
438 3945 562 3999 redirent
575 3961 610 3998 ac
624 3945 679 3999 iarn
693 3944 841 4000 defunctos
855 3963 916 3999 sese
929 3942 1061 4014 periculis
1075 3942 1289 4014 arbitrarentur,

233 4047 359 4099 ,momen
380 4036 500 4093 refertur
520 4039 548 4092 in
568 4038 681 4093 tabulos
702 4037 731 4093 S.
745 4037 839 4108 Rosci,
860 4037 977 4092 hominis
997 4037 1192 4093 studiosissimi
1212 4038 1292 4093 nobi·
