3000 4450
718 250 909 314 -32..

358 421 413 479 Sed
434 423 564 495 equidem
584 438 644 478 non
664 422 772 491 dubito,
793 424 861 495 quin
880 439 932 494 pro
954 423 1014 479 Sul.
1036 422 1138 477 XXXI
1157 423 1194 477 87
1216 424 1343 479 seriben-

278 515 345 571 dum
365 515 414 571 sit:
434 532 518 587 quam
539 515 593 569 fult
612 532 736 571 necesse.
782 516 874 571 Etiam
887 515 916 570 11
936 523 992 571 act.
1012 515 1041 569 in
1056 515 1136 569 Verr.
1151 514 1168 570 Ι.
1184 515 1341 572 Vexbibet

280 624 438 678 „accusare
458 625 574 663 necesse
595 603 660 677 sit“,
681 609 767 679 idque
787 609 815 662 in
826 606 882 663 fine
893 608 1037 664 orationis.
1067 609 1141 674 Quid
1153 609 1258 679 igitur?
1277 608 1346 667 Cre-

277 702 376 756 dcmus
398 701 575 768 Ciceronem,
601 718 689 765 „cum
714 718 797 757 aures
822 710 973 757 ext-remum
1000 718 1113 772 semper
1137 709 1285 772 expectent
1308 704 1339 758 in

277 811 368 867 eoque
389 788 593 865 acquiescant“
615 790 663 861 (ci.
685 803 757 852 orat·
779 793 857 864 199),
880 794 1015 851 orationis
1030 793 1113 850 finem
1126 796 1339 866 pessimaclau·

277 889 339 945 sula
359 888 574 959 depravavisse?
594 887 663 942 Mihi
684 889 778 958 potius
799 888 907 943 librarii
926 888 1055 942 uidentur
1074 895 1224 958 utrumque
1243 889 1336 944 locum

275 988 400 1037 mutasse
423 987 539 1052 propter
563 979 713 1036 verborum
737 982 899 1038 inusitatam
925 981 1103 1052 positionem.
1143 981 1181 1035 Et
1200 988 1243 1035 est
1266 999 1335 1037 sane

276 1074 341 1137 ‚fuit
363 1070 502 1139 neeesse‘,
528 1074 576 1142 ‚sit
600 1074 726 1129 necesse‘
752 1074 838 1146 paulo
858 1074 1032 1130 insolentius.
1073 1072 1130 1127 Sed
1150 1074 1280 1145 equidem
1299 1078 1335 1129 de

274 1168 326 1223 tali
345 1168 486 1239 positione
506 1182 563 1221 non
584 1168 669 1222 miror
688 1168 718 1221 in
731 1185 765 1222 eo
780 1175 901 1237 oratore,
922 1168 970 1240 qui
990 1166 1195 1222 inusitatiorem
1214 1165 1335 1223 formam

275 1257 443 1334 ‚explicavit‘
461 1279 514 1332 pro
535 1257 690 1333 ‚explicuit‘
711 1262 815 1318 dicitur
834 1262 998 1318 adhibuisse
1018 1261 1128 1319 numeri
1147 1277 1243 1316 eausa.

351 1357 413 1411 Iam
434 1357 457 1411 si
477 1357 514 1411 ab
534 1356 588 1411 hoc
608 1356 688 1412 initio
709 1356 831 1427 profecti
850 1355 981 1412 accentui
994 1354 1178 1426 grammatico
1192 1354 1334 1425 quendam

273 1451 365 1505 locum
386 1448 587 1517 attribuemus,
616 1450 711 1503 statim
731 1449 850 1504 aliamm
872 1465 984 1520 quoque
1003 1447 1194 1503 clausularum
1213 1463 1334 1518 quarun-

274 1545 355 1609 dam,
385 1557 458 1611 qnae
488 1540 581 1595 adhuc
612 1549 761 1612 suspectae
791 1541 918 1610 fuerunt,
952 1541 1089 1595 rati0nem
1120 1557 1333 1611 cognoscemus.

273 1633 436 1689 Trochaiois
457 1633 590 1688 clausulis
611 1634 725 1690 additur
744 1634 837 1689 forma
856 1652 893 1689 ex
911 1633 1046 1688 trochaeo
1067 1642 1096 1688 et
1109 1632 1252 1689 tribracho
1266 1648 1333 1687 eon-

272 1737 351 1784 stans
371 1722 414 1796 (-
428 1761 467 1799 ψ,
482 1765 507 1783 2
521 1762 546 1780 ψ
564 1720 621 1798 ψ),
640 1727 731 1782 forma
751 1727 776 1780 B
796 1727 810 1780 Ι
830 1745 868 1781 ex
886 1727 1001 1797 dactylo
1022 1734 1052 1780 et
1072 1726 1174 1781 cretico
1189 1726 1335 1795 componi-

271 1833 318 1879 tur·
338 1818 604 1892 (ην-μ).
636 1810 696 1876 Ὀἲτ

374 1916 430 1972 Pro
453 1915 530 1971 Sulla
549 1914 594 1968 111
616 1915 647 1969 8:
668 1930 731 1968 esse
752 1912 845 1967 voluit.

549 2008 621 2062 XIX
641 2009 691 2062 53:
714 2008 874 2078 suspicione
893 2007 991 2062 caruit.

546 2102 618 2157 XXI
640 2104 691 2157 61.·
712 2101 929 2172 conservarique
950 2101 1076 2170 cupiunt.

548 2192 678 2251 XXVIII
699 2196 748 2251 to:
769 2203 863 2250 vestra
883 2202 1002 2249 moveat

546 2285 648 2342 XXIX
668 2290 718 2344 81:
739 2305 802 2341 esse
820 2289 940 2358 gravior.

372 2382 396 2438 Ι.
417 2380 480 2437 Cat.
500 2384 541 2435 IV
562 2384 592 2437 8:
612 2383 785 2460 scelerisque
805 2382 905 2438 socios.

475 2471 575 2546 (Vides
594 2478 804 2547 religiosissime
823 2477 898 2531 hane
919 2476 1009 2546 legem
1034 2483 1173 2530 servatam
1197 2490 1272 2540 esse,
1298 2481 1331 2527 ut

475 2573 579 2642 singuli
602 2572 728 2627 trochaei
757 2577 853 2626 essent
870 2565 1097 2651 {Inoppvsiposj
1121 2571 1161 2624 ita
1186 2567 1258 2621 enim
1278 2585 1331 2621 nu·

475 2683 567 2718 merus
590 2666 714 2734 apertior
733 2659 787 2734 fit).

371 2757 409 2812 II.
430 2756 491 2812 Cat.
513 2757 582 2812 VIII
603 2760 651 2813 17:
673 2774 757 2829 quarn
777 2765 876 2828 potero
897 2757 1023 2813 afferam.

512 2847 572 2903 XII
593 2852 641 2904 27:
664 2857 749 2921 atque
771 2851 854 2904 etiam
874 2850 946 2905 volo.

320 3016 325 3024 Ι
344 2943 474 3015 Denique
494 2944 551 2997 iam
573 2944 676 2998 Wuest
695 2944 867 3012 observavit,
895 2944 1036 2998 interdum
1056 2960 1075 2996 a
1095 2941 1229 2998 Cicerone
1249 2941 1329 2994 adhi-

268 3035 329 3090 beri
349 3054 473 3106 paeanes
494 3054 531 3091 ex
552 3038 677 3108 quinque
696 3036 839 3092 brevibus.
880 3038 959 3103 Quae
979 3037 1072 3092 forma
1091 3036 1142 3089 etsi
1163 3033 1231 3087 satis
1256 3034 1329 3087 mira

267 3132 388 3198 videtur,
415 3139 509 3186 tamen
535 3137 653 3201 propter
682 3130 859 3200 frequentem
889 3147 970 3185 usum
998 3129 1181 3200 agnoscenda
1208 3127 1327 3181 videtur.

266 3222 426 3277 Habemus:
801 3209 805 3215 ⁵

369 3318 425 3371 Pro
446 3318 543 3387 imper.
565 3314 621 3372 XV
641 3319 691 3373 44:
713 3317 827 3372 efficere
849 3318 995 3388 potuisset.

371 3410 427 3463 Pro
448 3410 526 3463 Sulla
546 3407 605 3464 XII
627 3412 675 3466 35:
698 3409 818 3464 deficere
838 3411 989 3480 patientur.

544 3500 644 3558 XXIV
665 3505 713 3558 67:
735 3504 831 3558 facere
850 3504 985 3574 potuisse.

369 3596 406 3650 Π.
431 3596 512 3651 catil.
534 3594 578 3651 XI
599 3599 647 3652 25:
668 3599 736 3652 vitia
757 3599 891 3668 superari.

369 3689 437 3744 Cum
459 3699 548 3744 senat.
570 3688 598 3744 X
619 3692 669 3746 25:
690 3687 854 3761 intellegere
875 3692 1015 3761 potuistis.

342 3780 553 3853 Relinquantur
573 3802 733 3856 perpaucae
754 3786 906 3858 clausulae,
928 3801 1084 3854 quaecum
1104 3786 1206 3838 nostris
1227 3784 1325 3839 formis

206 3949 210 3954 .
266 3876 416 3928 conciliari
435 3894 492 3929 non
513 3888 640 3947 possunt.
662 3933 666 3940 ,

369 3967 425 4021 Pro
447 3967 524 4023 Sulla
544 3967 604 4025 XII
624 3972 673 4025 35:
695 3973 763 4041 quia
783 3972 917 4025 creditum
938 3978 988 4023 est.

369 4062 392 4117 I.
413 4060 495 4116 Catil.
517 4063 543 4115 V
565 4066 613 4120 10:
634 4062 820 4134 proficiscere.
