3000 4450
627 227 819 288 ..41-

195 397 278 452 nibus
299 399 496 465 necessariam,
516 399 557 453 ita
577 399 606 452 in
628 400 728 461 ceteris
749 397 881 468 exemplis
892 413 949 452 non
960 395 1179 467 frequentiorem
1191 412 1253 451 esse

196 507 280 562 quam
301 493 371 546 alias
392 492 552 545 incisiones.
581 492 695 561 Inspice
717 493 859 546 clausulas
881 492 906 543 A
929 490 952 555 Ι,
974 504 1047 558 quae
1067 497 1133 542 sunt
1153 489 1254 542 inora-

193 583 269 637 tione
290 601 341 653 pro
362 585 487 655 imperio.
529 587 609 640 Hauc
630 587 786 639 orationem
806 585 869 638 ideo
890 583 972 653 elegi,
1004 584 1071 653 quia
1100 599 1133 635 ex
1162 580 1250 636 omni·

194 674 246 729 bus
268 695 398 731 numeros
418 677 506 732 habet
526 678 767 745 accuratissimos3
793 694 856 730 nam
882 693 918 730 ne
938 676 992 729 illis
1013 675 1167 729 rarioribus
1188 674 1248 744 qui·

194 770 257 822 dem
285 770 420 825 clausulis
447 770 533 824 utitur
557 771 611 825 nisi
637 777 680 822 ter
703 771 776 823 inter
801 776 911 823 centum
940 777 969 822 et
993 769 1151 838 nonaginta
1176 769 1251 828 clau·

197 862 281 918 sulas.

352 956 366 1010 1
388 958 416 1011 l:
437 962 584 1025 susceptae
602 954 816 1025 prohibuerunt.

351 1047 395 1101 III
415 1050 445 1104 8:
468 1048 547 1103 Sulla
566 1049 714 1103 revocavit.

351 1140 392 1193 IV
414 1143 463 1195 10:
483 1158 547 1194 essc
566 1141 722 1195 videantur.

350 1234 391 1287 VI
412 1235 459 1288 14:
481 1232 664 1302 vectigalibus
685 1239 794 1302 agatur.

403 1326 451 1380 15:
474 1324 556 1378 affert
576 1326 774 1379 calamitatem.

351 1417 406 1472 VII
428 1420 475 1473 19:
496 1417 612 1477 trahant
632 1417 828 1472 calamitatem.
892 1446 895 1449 ·

351 1511 419 1566 VIII
440 1513 490 1566 20:
512 1530 573 1565 esse
593 1513 748 1565 videantur.

348 1600 391 1657 IX
412 1607 462 1660 26:
484 1623 546 1658 esse
566 1605 701 1659 videatur.

346 1692 375 1750 X
395 1699 443 1752 27:
465 1697 611 1751 scientiam
631 1697 730 1766 fugere
749 1695 848 1766 possit.

297 1806 303 1811 ·
347 1785 709 1844 momentanearum.

346 1877 420 1935 XIII
437 1884 492 1936 39:
514 1900 576 1935 esse
597 1882 752 1934 voluerunt.
1134 1912 1137 1916 >

345 1969 416 2027 XIV
445 1974 480 2028 41
510 1988 546 2012 =
574 1971 645 2028 XIV
674 1976 712 2028 42
736 1988 771 2013 =
793 1968 864 2026 XVI
894 1973 929 2026 47
955 1986 989 2013 =
1012 1968 1071 2026 XX
1100 1973 1150 2026 bri:
1185 1985 1248 2023 esse

397 2069 532 2122 videatur.
1145 2052 1146 2055 Ἴ

343 2157 401 2214 XX
421 2162 470 2214 59:
493 2159 631 2216 conficere
652 2160 749 2231 possit.

343 2250 416 2309 XXI
437 2257 485 2310 61:
507 2272 557 2310 suo
578 2254 695 2325 gerere?
715 2256 811 2323 gessit.

342 2344 431 2402 XXII
452 2350 500 2403 64:
523 2366 584 2402 esse
604 2348 757 2402 fateantur.

396 2444 445 2497 66:
467 2443 581 2512 spiritus
602 2458 703 2511 capere
724 2440 822 2509 possit.

341 2530 444 2588 XXIII
465 2536 515 2590 67:
537 2553 600 2588 esse
620 2535 756 2589 rideatur.

393 2645 455 2680 esse
476 2630 627 2682 videamus.

393 2720 530 2776 facultate
550 2721 715 2776 dubitemus.

263 2810 392 2881 Apparet
412 2833 449 2868 ex
469 2817 531 2884 hoo,
561 2815 668 2868 nullum
691 2831 753 2866 esse
778 2812 900 2866 studium
920 2819 1014 2864 certae
1034 2812 1178 2867 cuiusdam
1205 2812 1244 2863 in·

187 2905 309 2960 cisionis.
350 2908 422 2974 Quin
456 2908 539 2963 etiam
574 2908 647 2963 illius
681 2906 872 2973 formationis,
910 2922 993 2974 quam
1028 2910 1108 2975 putat
1141 2905 1243 2957 Wuest

188 3015 322 3065 „prorsus
343 2999 495 3054 abhorrere
517 3001 553 3054 ab
568 3010 636 3072 apta
650 3001 838 3054 clausularum
852 2992 1014 3052 structuras
1032 2995 1071 3067 (p.
1089 2993 1145 3063 14),
1166 2997 1242 3050 vocis

187 3089 351 3143 trochaicae
375 3095 561 3161 praecedente
590 3092 747 3158 tribracho,
777 3092 833 3146 tria
861 3092 938 3145 rides
968 3091 1098 3161 exempla
1128 3097 1240 3143 extare:

186 3176 281 3235 Xii.
322 3179 460 3240 XXIor.
500 3182 588 3240 XXII
609 3187 653 3241 66.

263 3276 372 3346 Itaque,
393 3287 425 3332 ut
443 3280 500 3333 iem
520 3296 605 3349 supra
625 3279 692 3343 dixi,
714 3275 862 3333 abicienda
883 3278 991 3332 videtur
1005 3276 1124 3331 Wuestii
1137 3275 1186 3328 illa
1205 3274 1240 3328 de

184 3367 276 3422 tribus
306 3369 449 3425 Ciceronis
479 3372 619 3427 aetatibus
649 3372 757 3441 opinio,
792 3384 874 3439 quam
903 3369 1025 3425 'maxime
1058 3370 1176 3434 idcirco,
1210 3375 1241 3419 ut

184 3473 318 3533 apparet,
343 3464 390 3518 ille
410 3465 569 3535 adoptavit,
594 3464 661 3535 quia
681 3471 891 3532 praeoccupata
910 3472 1002 3518 mente
1022 3462 1103 3516 nimis
1124 3460 1241 3514 multum

183 3558 314 3612 accentui
338 3556 475 3624 tribuitI).
517 3556 576 3612 Nec
601 3558 666 3612 mihi
693 3555 827 3611 sufficere
847 3557 958 3609 videtur
976 3557 1048 3610 ratio
1074 3572 1091 3609 a
1112 3554 1239 3608 Wuestio

253 3777 276 3845 1)
293 3776 352 3831 Iam
370 3778 521 3833 Guttmann
539 3777 570 3831 iu
587 3777 779 3833 dissertatione
797 3792 866 3846 quae
884 3776 1057 3831 inscribitur:
1085 3776 1127 3830 De
1145 3791 1236 3830 aarum

184 3874 252 3928 qnae
275 3866 404 3916 vocantur
422 3864 601 3919 Caesarianae
619 3862 806 3917 Tullianarum
829 3863 982 3916 orationum
1004 3859 1238 3931 generedicendi,

183 3945 417 4016 Gryphiawaldiae
445 3949 689 4020 18s3‚Wuestinn
715 3948 899 4019 impugnavit.
923 3949 1039 4018 primum
1068 3946 1139 4018 quod
1158 3947 1238 4000 llilo·

182 4033 265 4087 niana
282 4039 311 4087 et
322 4033 470 4103 LIgariana
487 4037 591 4091 nullum
609 4035 756 4105 vestigium
773 4036 940 4089 senescentis
957 4035 1063 4104 ingenii
1081 4036 1234 4101 exhibeant,
