3000 4450
612 190 833 263 i-3o-

290 370 357 425 Com
378 368 483 439 populo
514 366 579 420 14:
602 372 633 417 ut
652 381 733 416 nemo
755 363 854 431 magis.

506 460 531 511 V
552 444 600 513 ⁰13:
623 457 751 511 inimicos
771 472 856 509 meos.

266 566 269 578 ‘
289 556 344 609 Pro
365 554 442 609 Sulla
520 551 584 605 13:
607 550 831 620 reprehendatur
851 563 951 601 meum.

506 643 584 697 114:
606 641 758 696 Hortensio
779 654 862 709 quam
883 639 957 692 mihi.

506 735 578 791 VIII
598 735 647 798 a&
670 733 769 788 anteiri
792 739 904 802 putant.

506 829 549 883 IX
572 829 623 882 26:
646 831 738 898 quieto
760 826 823 880 frui.

646 920 762 973 inveniri
787 924 868 972 nemo
889 923 990 988 potest.

504 1015 548 1069 XI
568 1015 618 1069 33:
640 1015 801 1067 consulatus
823 1013 885 1064 mei.

503 1107 585 1161 XVII
606 1107 655 1162 48:
671 1123 774 1160 accuso
794 1121 893 1158 meum.

504 1199 602 1261 XVIII
623 1200 672 1253 50:
694 1200 806 1267 quidem
827 1198 934 1250 factum
953 1205 1040 1249 tuum.

507 1291 579 1345 XIX
599 1290 650 1345 53:
672 1291 741 1344 nihil
761 1307 826 1344 vero
847 1290 946 1349 minus.

506 1383 607 1438 XXXI
627 1384 677 1438 86:
700 1382 814 1453 defendi
835 1399 869 1436 ao
890 1381 958 1450 tegi.

425 1546 427 1557 ,
476 1526 483 1545 t

286 1570 371 1626 Vides
392 1564 482 1624 unam
500 1570 653 1623 orationem
673 1586 724 1639 pro
745 1552 865 1638 imperio
896 1584 995 1623 ansam
1026 1567 1094 1620 dore
1120 1582 1203 1634 posse
1228 1563 1265 1615 ad

211 1664 331 1719 Wuestii
350 1662 451 1717 falsam
472 1662 646 1732 opinionem:
668 1650 733 1716 uam
755 1680 792 1715 ex
811 1663 908 1731 viginti
935 1660 1072 1715 dochmiis
1097 1657 1133 1725 (si
1154 1656 1197 1711 his
1218 1657 1266 1709 ad·

210 1755 478 1810 numeras-formum
498 1756 523 1809 B
544 1748 569 1823 1)
591 1771 663 1807 unns
683 1761 793 1809 tautum
812 1754 890 1808 illam
909 1755 996 1807 habet
1016 1753 1180 1807 incisionem
1200 1755 1266 1819 post

210 1848 373 1911 bacchium
401 1854 501 1902 contra
520 1847 549 1898 iu
570 1846 745 1900 orationibus
776 1864 838 1900 cum
870 1847 980 1900 senatui
1010 1852 1039 1899 et
1068 1861 1130 1897 cum
1160 1841 1278 1912 populo

209 1943 317 2013 gratias
337 1941 404 2010 egit,
425 1941 497 1994 haec
517 1939 616 1993 incisio
637 1940 665 1993 in
685 1945 765 1993 tanto
787 1948 830 1992 est
850 1941 966 2005 honore,
987 1943 1019 1993 ut
1039 1938 1066 1991 in
1081 1937 1131 1990 illa
1143 1938 1266 2006 quinque

211 2053 248 2087 ex
268 2033 399 2107 sedecim,
428 2033 457 2087 in
487 2032 542 2086 bac
574 2035 629 2086 duo
660 2050 697 2084 ex
718 2033 842 2103 quinque
863 2049 898 2086 ea
918 2039 1041 2086 utantur.
1083 2031 1182 2101 Itaque
1203 2048 1266 2085 eum

209 2126 300 2183 oratio
321 2143 372 2195 pro
396 2125 513 2194 imperio
539 2125 636 2178 iisdem
671 2124 729 2178 fere
757 2126 878 2179 numeris
909 2131 1065 2194 temperata
1095 2125 1132 2178 sit
1161 2122 1266 2193 quibus

209 2221 365 2291 gratiorum
386 2220 521 2287 actiones,
543 2220 618 2275 hanc
639 2238 706 2283 rem,
728 2221 804 2289 qnod
825 2219 871 2274 illa
892 2219 990 2273 incisio
1004 2220 1039 2275 'in
1060 2218 1114 2276 bac
1135 2217 1265 2272 oratione

209 2314 301 2368 rarior
321 2321 372 2378 eet,
403 2313 533 2382 equidem
559 2312 637 2389 casui
665 2311 790 2366 tribuere
810 2330 867 2366 non
887 2312 994 2366 dubito.
1036 2311 1181 2379 (Fortasse
1200 2311 1265 2364 inde

210 2404 264 2460 hoc
285 2407 465 2461 derivandum
486 2412 538 2471 est,
570 2406 644 2475 quod
665 2406 693 2459 in
715 2406 843 2458 oratione
862 2421 915 2476 pro
935 2405 1061 2475 imperio,
1092 2412 1122 2458 ut
1142 2411 1183 2458 est
1205 2405 1264 2460 eius

207 2507 412 2567 argumentum,
433 2498 646 2567 pronominibus
668 2494 774 2565 ‚meus‘‚
795 2494 879 2563 ‚tuue‘
899 2499 978 2552 lo'ons
999 2516 1056 2550 non
1077 2494 1140 2568 est).

285 2590 378 2660 Atque
398 2590 452 2644 boc
472 2596 515 2643 est
534 2598 620 2660 caput
639 2591 741 2643 erroris
760 2606 778 2643 a
799 2590 928 2644 Wuestio
948 2591 1097 2666 commissi,
1120 2592 1194 2660 quod
1216 2590 1263 2644 ille

207 2699 264 2736 nou
285 2681 458 2751 singularum
478 2683 638 2737 orationum
665 2684 806 2738 clausulas
837 2684 1018 2752 enumeravit,
1049 2686 1098 2739 sed
1130 2691 1263 2739 aetatum.

207 2778 237 2833 si
256 2780 326 2833 illud
345 2777 464 2846 fecisset,
497 2779 592 2833 statim
622 2794 685 2833 curn
711 2780 767 2834 tria
788 2795 838 2833 sua
857 2796 963 2849 genera
983 2779 1143 2833 orationum
1165 2794 1264 2830 secun-

102 2877 106 2882 ’
206 2865 273 2925 dum
294 2877 401 2925 aetates
421 2871 553 2925 ordinata
575 2878 643 2941 puto
665 2871 839 2926 abiecturum
867 2871 963 2926 fuisse.
1004 2871 1082 2924 Mero
1102 2871 1175 2923 enim
1196 2885 1264 2923 casu

206 2965 262 3017 hcc
293 2963 404 3030 accidit,
438 2964 513 3031 quod
543 2963 573 3015 in
602 2964 693 3016 media
725 2970 818 3017 aetate
850 2964 1000 3029 orationes,
1031 2970 1063 3014 ut
1092 2962 1132 3015 ita
1162 2963 1263 3028 dicam,

208 3039 417 3103 ἕπιὸεικτικαὶ
440 3061 506 3107 sunt
526 3053 690 3108 crebriores.
719 3057 753 3108 In
774 3056 858 3109 tertia
878 3062 971 3109 autem
994 3063 1086 3110 aetate
1100 3073 1163 3111 cum
1178 3055 1264 3109 maxi-

208 3163 284 3199 mnm
308 3145 431 3215 spatium
452 3144 600 3200 obtineant
621 3148 763 3201 orationes
784 3149 959 3219 Philippicae
983 3165 1067 3219 quam
1087 3150 1208 3204 maxime
1227 3151 1264 3203 ad

207 3245 349 3292 certamen
369 3236 473 3303 factae,
503 3256 560 3293 non
582 3248 625 3293 eet
645 3241 811 3309 mirandum,
842 3244 915 3312 qnod
939 3244 967 3296 in
987 3244 1043 3297 hac
1063 3250 1156 3298 aetate
1178 3227 1262 3296 doch-

205 3331 253 3385 mii
273 3332 300 3384 in
321 3337 399 3384 tento
419 3338 484 3384 sunt
504 3333 625 3388 honore.

282 3422 358 3477 Idem
381 3423 480 3478 Wuest
499 3426 580 3479 dicit:
602 3427 744 3493 „Tullium
766 3429 975 3499 religiosissime
996 3428 1160 3484 observasse
1181 3431 1259 3483 iden-

106 3567 110 3572 .
204 3518 310 3587 „tidem
330 3516 448 3572 vidimus
469 3535 597 3573 normam
619 3521 694 3575 illam
717 3521 744 3575 in
767 3524 958 3576 scaenicorum
989 3523 1105 3577 senariis
1136 3522 1263 3577 obtinen-

201 3618 268 3677 tem,
299 3611 453 3665 secundum
483 3630 567 3682 quum
592 3616 747 3670 clausulam
774 3615 944 3670 conformari
964 3614 1038 3669 binis
1059 3615 1174 3670 vocibus
1195 3615 1261 3669 iam·

205 3702 294 3769 „bicis
314 3737 380 3755 ψ-
397 3723 400 3773 Ι
416 3742 441 3760 e
455 3697 493 3775 -)
514 3708 557 3759 vel
587 3725 655 3762 voce
685 3707 808 3763 iambica
837 3710 1025 3779 praecedente
1055 3726 1124 3763 voce
1151 3708 1256 3763 cretica

203 3790 340 3867 ‚‚(-·v-
356 3818 359 3869 Ι
375 3835 399 3852 υ
413 3794 451 3870 -)
473 3802 553 3857 nefas
574 3799 646 3857 est.“
685 3803 747 3858 Hoc
767 3804 831 3858 ideo
851 3803 952 3857 fecisse
974 3802 1138 3856 Ciceronem
1169 3806 1259 3869 putat,

196 3909 237 3945 ne
257 3893 397 3948 clausulae
418 3912 485 3950 snae
506 3897 645 3952 iambicae
674 3896 841 3952 Catullianie
862 3896 967 3951 similes
997 3901 1103 3948 essent:
1135 3892 1262 3947 Catullus

204 3985 279 4038 enim
298 3985 371 4039 hanc
391 3985 482 4057 legem
502 4006 559 4043 nou
581 3996 624 4042 est
644 3996 771 4053 secutum
798 3988 834 4044 of.
854 4006 878 4043 c.
903 3990 928 4052 4,
949 3989 982 4043 3:
1002 3986 1136 4055 impetum
1158 3986 1261 4039 trabiei
