3000 4450
685 217 876 279 ..40-

248 388 279 456 4,
308 390 341 442 9:
372 388 523 442 Ponticum
544 389 635 444 sinum
657 398 712 444 etc.
743 385 856 455 (Wuest
876 390 895 445 l.
915 390 934 446 Ι,
954 407 981 459 p.
1003 385 1062 457 89).
1103 390 1145 444 Ne
1165 398 1224 444 tum
1244 391 1304 461 qui-

248 482 311 536 dem
332 480 454 536 iambica
472 498 524 536 vox
545 488 668 537 extrema
688 484 818 538 Wuestio
838 484 941 554 placet,
963 484 986 536 si
1007 484 1152 553 praecedit
1172 499 1227 538 vox
1241 483 1303 554 plu·

248 573 319 626 rium
340 574 513 644 syllabarum
534 576 563 629 in
584 578 717 630 creticum
738 577 872 647 desipens

474 666 757 739 <ew-⁴02
776 705 959 724 -----
975 667 1082 741 ψ).

249 760 304 815 Sed
325 759 406 813 buius
427 777 542 815 normae
576 763 637 832 ipse
666 770 722 818 tam
753 765 856 818 multas
887 766 1069 835 exceptiones
1101 769 1302 816 commemorat

247 847 288 922 (p.
310 854 354 920 64,
377 851 436 923 65),
467 865 498 910 ut
527 873 589 910 eam
620 858 731 912 silentio
762 859 845 913 liceat
876 860 1036 928 praeterire.
1077 857 1135 910 Nisi
1157 856 1230 909 forte
1252 861 1302 908 aut

247 947 409 1016 adoptanda
431 954 473 1002 est
494 947 530 1002 ab
551 950 599 1003 illo
614 952 807 1021 antiquissima
826 953 959 1020 prosodia
979 951 1034 1004 fuit
1054 968 1138 1021 quam
1159 949 1303 1004 Ciceronis

247 1039 419 1109 temporibus
441 1043 533 1096 adhuc
553 1044 673 1098 valuisse
692 1047 831 1099 neminem
863 1047 1033 1100 crediturum
1068 1052 1146 1116 puto,
1178 1051 1226 1098 aut
1250 1044 1305 1096 boc

246 1130 373 1186 Wuestio
395 1137 605 1191 concedendum
626 1144 677 1204 est,
711 1141 897 1209 „pronomina
928 1141 1085 1210 possessiva
1105 1148 1163 1192 tam
1185 1144 1245 1191 arte
1265 1137 1305 1190 iu·

246 1231 334 1292 agata
355 1244 415 1279 esse
436 1245 499 1282 cum
520 1228 712 1300 substantivis,
743 1241 773 1286 ut
805 1251 891 1287 unam
915 1233 997 1302 quasi
1018 1231 1195 1286 conforment
1215 1232 1304 1286 notio·

249 1334 332 1381 „nem
352 1335 495 1390 unumque
516 1322 704 1378 vocabulum“
726 1323 766 1395 (p,
789 1324 852 1395 66),
874 1328 949 1397 quod
971 1344 1055 1397 quam
1075 1325 1177 1379 falsum
1198 1327 1243 1393 sit,
1270 1343 1303 1378 ex

245 1426 279 1464 co
289 1410 351 1480 ipso
363 1414 498 1483 sequitur,
520 1417 595 1486 quod
607 1418 771 1487 saepissime
782 1426 950 1489 separantur
966 1419 1133 1489 pronomina
1144 1419 1303 1489 possessiva

246 1518 264 1555 a
284 1503 464 1560 substantivis
487 1508 551 1561 suis.

322 1597 403 1663 Quod
425 1608 518 1656 autem
538 1619 620 1657 vcccs
640 1604 827 1660 tribracbicae
847 1606 904 1659 sive
925 1606 1124 1676 anapaesticae
1138 1623 1202 1660 raro
1223 1606 1300 1659 clau·

245 1688 324 1754 dunt,
345 1690 398 1744 boo
418 1710 474 1747 nou
496 1695 695 1750 ascribendum
714 1706 757 1752 est
777 1705 909 1752 accentus
928 1699 1040 1762 rationi,
1060 1706 1091 1752 ut
1104 1707 1187 1770 putat
1201 1700 1301 1752 Wuest

246 1778 285 1850 (p.
308 1783 344 1837 93
365 1782 430 1853 sq.)‚
457 1787 506 1841 sed
527 1806 560 1840 ex
581 1789 770 1843 clausularum
791 1780 951 1845 nostrarum
971 1792 1111 1846 commoni
1131 1791 1300 1844 format-ione

244 1875 348 1944 optime
368 1879 536 1947 explicatur;
558 1882 663 1952 quippe
684 1900 746 1936 cum
768 1883 846 1937 nulla
866 1903 903 1938 ex
920 1885 953 1937 iis
968 1884 1110 1951 clausulis,
1131 1899 1203 1953 quas
1218 1884 1300 1937 unice

242 1969 382 2038 legitimas
403 1991 464 2027 esse
484 1975 611 2043 vidimus,
634 1994 715 2031 voces
735 1979 924 2033 tribrachicae
944 1979 1089 2033 conciliari
1103 1987 1231 2050 possunt,
1245 1978 1300 2031 nisi

244 2080 307 2117 cum
327 2066 481 2122 rarioribus
502 2069 557 2123 illis
578 2070 685 2137 formis,
721 2073 826 2143 quibus
856 2081 906 2127 aut
936 2074 1094 2127 ditrochaei
1114 2081 1164 2127 aut
1184 2071 1298 2126 dicretic

243 2158 401 2215 catalectici
421 2165 560 2217 secundus
581 2182 631 2234 pes
652 2164 777 2220 solvitur.
818 2167 880 2220 Hae
901 2173 992 2220 autem
1013 2162 1141 2236 {formae
1171 2173 1202 2219 ut
1232 2165 1300 2219 vidi-

242 2269 312 2321 mus,
333 2272 466 2324 perrarae
486 2267 560 2327 sunt,
581 2274 672 2329 neque
693 2262 731 2328 id,
757 2269 886 2332 utputo,
916 2270 1031 2332 propter
1051 2270 1198 2317 accentum
1219 2254 1297 2330 (nam

242 2363 278 2398 ne
298 2356 429 2416 pugnant
449 2352 560 2422 quidem
582 2371 643 2407 cum
665 2348 808 2425 accentu),
830 2356 879 2408 sed
899 2355 1005 2409 idcirco
1017 2353 1115 2408 Cicero
1136 2355 1222 2408 casin
1237 2353 1297 2406 uni-

241 2455 351 2493 versum
372 2442 473 2497 vitasse
493 2445 608 2512 vieetm,
628 2464 664 2500 ne
685 2449 776 2503 oratio
797 2448 879 2501 nimis
899 2448 993 2501 moltis
1007 2447 1192 2502 solutionibus
1207 2447 1296 2516 iisque

241 2530 272 2584 in
292 2540 415 2589 extremo
434 2539 507 2607 pede
527 2540 660 2595 adhibitis
680 2543 848 2610 gravitatem
868 2541 1016 2596 amitteret.

319 2625 392 2682 Illud
414 2637 508 2684 autem
527 2650 584 2687 non
605 2636 695 2704 magis
716 2635 784 2688 mihi
804 2634 951 2703 probatur.
976 2636 1054 2705 quod
1075 2635 1176 2688 Wuest
1197 2641 1300 2689 conten

242 2719 284 2772 dit
302 2733 330 2787 p.
352 2720 398 2789 44,
419 2723 447 2776 in
469 2726 595 2780 clausula
615 2741 699 2796 quam
719 2730 862 2783 nominavi
881 2730 907 2783 A
927 2729 950 2784 l.
973 2730 1137 2783 Ciceronem
1158 2745 1221 2780 oum
1241 2742 1298 2779 om·

241 2811 388 2867 uinctum
409 2819 530 2874 maxime
550 2821 579 2873 in
600 2823 692 2877 media
712 2830 804 2878 aetate
824 2824 880 2878 hoc
900 2824 1047 2890 studuisse,
1079 2831 1109 2876 ut
1130 2823 1229 2876 incisio
1249 2818 1297 2873 fia-

241 2920 285 2969 ret
304 2905 387 2968 κατὰ
407 2911 536 2988 πρῶτον
558 2923 716 2990 τροχαῖον,
740 2926 815 2980 velut
836 2928 865 2981 in
887 2944 957 2989 ,esse
977 2925 1129 2981 voluisset‘
1161 2924 1225 2980 Scio
1239 2923 1298 2993 ple·

243 3026 361 3080 rumque
382 3010 456 3067 hanc
477 3013 631 3068 clausulam
651 3016 690 3070 ita
710 3034 772 3071 erse
792 3019 954 3083 formatam
980 3021 1028 3074 sed
1049 3022 1111 3086 hoc,
1132 3026 1163 3073 ut
1183 3008 1297 3087 persu'a·

241 3119 303 3155 snm
324 3102 425 3172 babeo,
446 3123 513 3162 casu
534 3110 625 3180 magis
646 3128 730 3181 quam
750 3114 859 3168 ratione
879 3115 989 3170 accidit.
1029 3114 1100 3168 Nam
1121 3115 1295 3183 plerumque,

242 3202 273 3248 ut
293 3204 414 3265 constat,
444 3200 514 3254 baec
534 3202 663 3257 clausula
682 3207 784 3260 desinit
805 3209 831 3261 in
853 3208 967 3263 verbum
989 3203 1132 3271 ,videat-ur‘
1165 3206 1208 3258 vel
1238 3218 1296 3272 ‚po-

241 3285 349 3342 tuisset‘
370 3292 413 3345 vel
440 3291 597 3363 ,voluisset‘,
629 3297 730 3366 quibus
761 3299 858 3355 formis
888 3300 1054 3371 praefigitur
1085 3298 1236 3353 infinitivus
1266 3296 1295 3353 in

240 3385 405 3439 trochaeum
426 3386 565 3453 desinens,
587 3397 617 3445 ut
638 3389 718 3455 ,esse‘
737 3395 854 3464 eiusque
874 3391 1005 3456 similesll
1044 3397 1106 3449 Hac
1127 3392 1234 3445 formae
1248 3389 1296 3441 tri-

239 3477 364 3533 tissimae
384 3483 489 3536 oratori
509 3484 652 3540 clausulae
667 3486 694 3540 A
714 3487 727 3539 Ι
747 3489 871 3545 studioso
892 3492 974 3561 quasi
993 3508 1044 3544 sua
1064 3493 1164 3556 sponte
1185 3503 1215 3537 se
1229 3482 1296 3537 offc-

239 3569 350 3628 rebant.
391 3574 457 3639 Sed,
488 3577 511 3630 si
531 3579 658 3649 exempla
679 3597 696 3635 a
715 3596 760 3634 me
780 3580 928 3637 observata
941 3599 1084 3652 percurro,
1115 3577 1225 3633 invenio
1255 3573 1295 3625 in·

240 3674 388 3734 cissionem
410 3680 485 3740 illam
505 3679 588 3744 κατὰ
610 3682 740 3759 πρῶτον
763 3693 920 3762 τροχαῖον,
947 3693 978 3741 ut
1003 3685 1031 3739 in
1052 3685 1095 3742 his
1116 3687 1296 3756 compositio-

240 3888 444 3901 ——-—..

310 4018 333 4080 1)
350 4013 453 4070 Irridst
470 4015 541 4070 hunc
559 4015 674 4070 abusum
691 4015 753 4070 Tac.
773 4015 829 4070 dial
854 4016 887 4070 ds
905 4032 936 4068 or
953 4030 975 4068 c.
994 4015 1036 4067 23.
