3000 4450
611 253 802 318 ..37-

181 423 311 499 ,‚sistat.“
351 430 415 484 Hoc
436 429 463 482 si·
479 431 515 484 ad
536 428 650 483 verbum
671 427 835 495 accipimus,
866 440 928 479 esse
952 438 1009 477 nou
1030 429 1133 492 potest,
1164 424 1233 494 quin

178 523 230 580 liat
258 540 362 578 versus.
417 523 472 578 Sed
503 539 600 576 revera
629 520 694 575 huic
724 518 810 573 exitui
839 534 896 572 non
924 521 987 570 tota
1017 517 1231 584 comprehensio

178 618 350 687 respondere
369 622 491 684 oportet,
523 616 571 669 sed
602 620 696 668 certae
716 617 825 666 tantum
846 609 1106 679 comprehensiqnis
1126 617 1231 678 partes,

178 716 212 763 ut
229 709 356 764 vidimus.

255 801 328 867 Quid
348 806 450 867 autem,
482 800 505 854 si
525 796 665 854 sententia
683 804 741 853 tam
762 796 854 850 brevis
875 802 926 857 est,
956 799 988 848 ut
1011 795 1046 846 dc
1066 794 1149 848 certis
1168 809 1234 864 par-

178 893 256 950 tibus
275 907 358 963 quam
379 892 500 947 maxime
519 891 674 963 perspicuis
694 905 751 944 non
771 889 862 959 possit
881 886 1019 958 cogitari?
1039 885 1148 953 Nonne,
1168 887 1232 940 siin

178 986 283 1042 talibus
313 1000 405 1058 qoque
436 983 530 1038 omnia
559 986 594 1039 ad
625 985 780 1041 clausulam
810 987 956 1051 spectant,
987 996 1082 1034 versus
1111 979 1233 1035 existet?

177 1079 283 1135 Bristet
302 1097 380 1135 sane.
421 1078 515 1148 Atque
535 1096 572 1132 ex
591 1077 644 1131 hoc
664 1094 769 1148 genere
789 1080 855 1129 sunt
873 1074 936 1129 illa:

255 1173 278 1227 Ι.
301 1173 361 1227 Cat.
382 1171 397 1224 Ι
418 1172 448 1224 1:
470 1172 623 1239 Quousque
643 1170 756 1225 tandem
777 1168 902 1230 abutere,
935 1166 1064 1233 Catilina,
1094 1166 1233 1235 patientia

179 1265 296 1320 nostra?
322 1260 488 1333 (Quousque
508 1271 552 1316 est
571 1280 626 1318 vox
645 1256 807 1332 disyllaba).

256 1354 414 1411 11.0as.1
435 1354 464 1407 1³
486 1354 574 1424 Abiit,
595 1355 724 1421 excessit,
745 1338 843 1419 evasit,
864 1353 965 1422 erupit.

257 1448 312 1503 Sed
333 1449 405 1504 tales
424 1465 520 1502 versus
540 1465 596 1501 non
618 1453 684 1504 sunt
703 1448 744 1501 ita
764 1447 935 1516 frequentes.

256 1539 388 1596 Ceterum
407 1540 467 1595 fere
488 1558 583 1594 omnes
604 1540 633 1595 hi
652 1540 785 1594 versiculi
814 1556 847 1593 ex
876 1539 1000 1592 numeris
1030 1539 1140 1594 creticis
1170 1556 1249 1615 cou-x
1307 1563 1310 1569 =

183 1641 272 1697 stant3
302 1633 358 1688 rari
378 1639 445 1688 sunt
465 1634 582 1688 admixti
611 1632 746 1701 trochaei,
777 1632 925 1700 anapaesti
954 1649 1020 1687 vero
1050 1640 1100 1687 aut
1129 1632 1234 1703 dactyli

181 1727 258 1781 nulli.
301 1727 369 1781 Cum
388 1727 442 1780 hoc
473 1744 526 1780 usu
556 1725 708 1781 conciliare
738 1738 898 1792 possumus,
928 1727 1004 1795 quod
1034 1724 1134 1780 Cicero
1164 1725 1235 1779 dicit

182 1826 253 1875 orat.
275 1821 345 1875 196:
367 1819 429 1888 „Sit
449 1819 543 1889 igitur,
579 1825 611 1872 ut
641 1832 728 1886 supra
757 1817 825 1884 dixi,
856 1819 991 1887 permixta
1021 1825 1050 1872 et
1077 1825 1234 1887 temperata

180 1913 322 1983 „numeris
353 1929 407 1968 nec
436 1913 574 1966 dissuluta
603 1921 656 1966 uec
685 1917 746 1965 tot-a
775 1927 933 1978 numerosa,
963 1904 1072 1981 paeane
1103 1911 1233 1973 maxime,

180 2005 332 2075 „quoniam
344 2007 473 2075 'optimus
493 2011 591 2060 auctor
610 1994 803 2077 [Aristotelem
822 1997 899 2073 dicit]
919 2005 959 2059 ita
982 2010 1087 2068 censet,
1117 2005 1167 2058 sed
1191 2022 1232 2057 re-

179 2098 284 2168 ,‚liquis
301 2099 384 2153 etiam
404 2099 535 2166 numeris,
566 2112 638 2167 quos
657 2097 705 2151 ille
734 2097 878 2167 praeterit,
908 2092 1095 2167 temperata.“
1132 2098 1233 2166 Longe
1321 2118 1325 2129 ·

181 2191 268 2263 igitur
298 2191 397 2248 Cicera
428 2192 509 2248 abest
537 2210 555 2247 a
583 2191 781 2247 Demosthenis
812 2189 971 2246 admirabili
1001 2191 1143 2259 varietate,
1186 2191 1234 2261 qui

183 2286 273 2340 omnis
293 2288 404 2356 generis
424 2285 579 2355 rhythmos,
607 2293 636 2340 ut
657 2285 771 2341 occasio
791 2284 890 2348 dabat,
914 2286 988 2339 inter
1008 2302 1039 2341 se
1058 2284 1233 2353 temperavit.

672 2624 688 2685 s
712 2623 738 2678 n.

285 2735 353 2815 De
385 2733 643 2841 singularum
675 2732 913 2829 orationum
945 2734 1051 2816 inter
1081 2758 1127 2814 se

589 2885 839 2967 differentiis.

261 3038 361 3108 Longe
382 3036 463 3090 aliter
483 3042 569 3104 atque
589 3053 645 3105 ego
665 3038 700 3089 de
720 3042 780 3090 tcta
802 3037 944 3091 Ciceronis
964 3042 1024 3092 arte
1046 3038 1146 3093 Wuest
1164 3039 1230 3094 iudi·

181 3132 237 3194 cat,
257 3128 381 3197 quinon
402 3128 492 3181 solum
513 3129 641 3182 accentui
662 3128 846 3199 grammatico
865 3129 952 3185 multo
972 3131 1035 3200 plus
1064 3145 1148 3201 quam
1178 3149 1231 3204 ego

182 3220 291 3288 tribuit,
320 3221 370 3276 sed
400 3219 571 3288 ctiamante
591 3222 686 3276 omnia
704 3222 856 3277 incisiones
875 3224 1067 3293 respiciendus
1087 3244 1149 3279 esse
1169 3241 1232 3280 cen-

182 3319 234 3369 set.
273 3314 375 3384 Itaque
404 3314 453 3367 ille
481 3313 523 3367 vir
552 3313 652 3368 doctus
676 3320 766 3370 totam
785 3317 977 3384 quaestionem
999 3334 1077 3373 suam
1096 3319 1135 3373 ita
1155 3319 1232 3374 insti·

180 3406 243 3472 tuit,
265 3412 297 3462 ut
316 3406 355 3463 ab
373 3407 560 3462 incicionibus
580 3408 724 3476 profectus
744 3409 864 3478 primum
884 3419 1062 3479 percenseret
1081 3412 1232 3478 clausulas,

178 3513 252 3570 quae
272 3501 300 3556 iu
321 3500 476 3572 disyllabus
496 3517 579 3556 voces
599 3501 759 3555 desinerent
790 3499 999 3574 (monosyllaba
1026 3505 1055 3557 in
1085 3501 1141 3559 fine
1171 3521 1232 3558 sen·

176 3595 326 3649 tertiarum
346 3594 375 3648 in
397 3593 554 3650 universum
574 3612 592 3649 a
613 3594 748 3650 Cicerone
768 3595 865 3650 evitari
885 3602 963 3651 recte
982 3597 1030 3651 ille
1059 3597 1233 3652 animadver-

179 3684 235 3753 tit),
254 3688 355 3742 deinde
375 3702 449 3757 quac
469 3688 499 3741 in
518 3687 682 3759 trisyllabus
703 3694 756 3743 etc.
795 3689 829 3742 In
859 3688 913 3743 hac
943 3695 1036 3744 autem
1066 3690 1231 3759 quaestione

181 3796 245 3833 cum
264 3779 320 3834 alia
339 3785 397 3834 tum
417 3782 488 3836 hacc
508 3781 740 3836 animadvertisse
760 3780 813 3835 sihi
824 3781 898 3836 visus
909 3789 961 3850 est,
982 3783 1135 3838 clausulam
1146 3783 1231 3838 doch·

178 3870 306 3939 miacam,
336 3885 409 3941 quas
438 3874 548 3928 desinat
578 3874 607 3926 in
637 3891 731 3928 vocem
762 3874 921 3945 iambicam,
951 3876 1024 3930 male
1053 3875 1230 3930 concludere.

180 3964 261 4020 Haec
281 3965 354 4018 enim
374 3962 501 4022 clausula
521 3986 584 4023 cum
605 3975 738 4022 accentus
753 3968 958 4036 observatione,
990 3983 1074 4038 quam
1103 3969 1132 4022 in
1154 3969 1230 4034 Cice·

177 4073 247 4113 rone
267 4058 359 4111 inesse
379 4066 469 4128 putat,
489 4062 610 4116 maxime
630 4069 749 4130 pugnat.
789 4061 881 4130 Ipsius
911 4060 999 4115 verba
1027 4073 1169 4129 apponam
1189 4055 1228 4129 (p.
