3000 4450
562 214 595 236 .-
616 200 694 228 ..0οο
739 218 745 227 ,ι
784 215 791 228 t
862 210 863 217 t

389 232 427 265 ..ι
442 240 451 256 0
469 234 515 273 =:.
533 234 591 270 1...
621 246 629 261 ·
647 236 693 267 '00
739 248 748 258 ι

383 269 393 283 ο
423 274 476 290 σου
503 266 624 309 ..··ι.ι
662 242 805 319 ;ξ-;ῑ56
840 280 876 299 -3

260 435 319 482 tum
340 427 378 481 M.
399 426 496 492 Bruto,
504 419 528 489 ι)
549 424 584 477 ad
605 440 687 493 quern
708 421 813 479 Orator
833 425 952 496 scriptus
973 430 1030 491 est,
1056 430 1153 478 contra
1174 424 1316 480 obtrecta-

258 525 333 574 tores
353 518 503 573 defendere
524 518 656 583 studeret,
677 516 749 571 dixit
773 533 889 572 numero
915 516 1012 573 deberi
1037 515 1115 571 illum
1135 519 1312 589 applausum,

262 615 309 686 qui
328 612 449 669 fortasse
469 627 567 666 revera
587 616 654 681 apta
675 610 880 667 emendatorum
901 611 1098 666 coniunctione
1119 617 1146 665 et
1166 612 1316 666 sententia·

263 725 325 763 rum
344 707 482 778 gravitate
502 705 641 760 excitatus
661 712 713 759 est.
753 705 845 760 Etiam
866 723 996 760 uumerus
1017 705 1065 759 ille
1085 705 1212 773 creticus,
1233 723 1316 775 quem

264 800 360 855 Cicero
381 800 410 854 iu
430 797 531 853 Fannii
552 798 677 852 oratioue
691 796 857 868 observavit,
878 798 998 853 fortasse
1013 798 1091 853 casui
1104 797 1231 862 debetur,
1252 816 1315 853 cum

261 893 328 948 talia
351 908 552 963 saepenumero
573 908 624 946 sua
644 899 745 962 sponte
765 889 842 948 fiant

338 988 439 1055 Nobis,
466 1005 529 1042 eum
554 987 718 1041 vetustiores
744 987 784 1042 ilii
810 994 935 1043 oratores
960 986 1019 1041 fere
1043 985 1111 1041 nihil
1145 985 1316 1057 reliquerint,

265 1081 461 1152 refugiendum
482 1088 523 1135 est
544 1081 580 1136 ad
596 1081 724 1136 Tacitum
746 1077 832 1148 (Nam
853 1082 983 1137 aTacito
1004 1080 1149 1151 dialogum
1171 1081 1319 1136 decausis

263 1181 410 1246 corruptae
431 1174 610 1246 eloquentiae
630 1175 765 1246 scriptum
788 1191 858 1244 esse,
881 1175 939 1229 iure
959 1174 1043 1229 hodie
1062 1174 1189 1244 plerique
1203 1179 1318 1228 conteu-

264 1268 343 1322 dunt.
382 1268 465 1321 Hunc
490 1283 547 1321 non
572 1266 706 1321 mediocri
734 1268 835 1322 notitia
859 1274 887 1322 et
910 1267 1011 1322 veteris
1032 1273 1060 1321 et
1080 1266 1241 1321 receutIoris
1261 1266 1318 1319 elo·

263 1361 394 1432 quentiae
415 1360 551 1414 imbutum
571 1360 658 1414 luisse
679 1367 764 1432 atque
784 1360 934 1432 plurimum
954 1360 1083 1416 conferre
1104 1360 1139 1413 ad
1164 1357 1317 1413 oratoriam

264 1460 352 1508 artem
379 1455 617 1521 cognoscendam,
643 1469 738 1507 omnes
764 1470 820 1507 una
847 1471 915 1509 voce
940 1454 1127 1508 consentiunt.
1168 1451 1262 1521 Atque
1293 1452 1317 1504 si

264 1546 393 1600 Tacitum
414 1546 563 1616 sequimur,
585 1547 754 1599 credendum
769 1546 850 1600 nobis
864 1553 915 1615 est,
939 1547 1100 1601 Ciceronem
1115 1545 1232 1615 primum
1247 1546 1318 1597 haee

264 1645 429 1694 ornamenta
449 1638 485 1693 ab
507 1639 619 1695 Asianis
640 1646 758 1710 accepta
777 1641 904 1696 coluisse.
926 1639 970 1696 cf.
986 1641 1055 1696 Tac.
1076 1640 1142 1693 dial.
1164 1640 1213 1694 2⁸2:
1235 1637 1312 1706 „Pri-

268 1732 422 1787 musenim
445 1730 495 1799 (sc.
516 1729 626 1798 Cicero)
648 1733 774 1787 excoluit
794 1733 959 1797 orationem,
984 1734 1088 1804 primus
1115 1740 1142 1786 et
1163 1732 1253 1787 verbis
1275 1731 1314 1785 di·

267 1826 367 1880 lectum
389 1825 519 1881 adhibuit
538 1831 566 1879 et
586 1825 780 1896 compositioni
801 1821 919 1881 artem.“

341 1919 419 1974 Haeo
440 1919 579 1975 sententia
599 1919 651 1973 etsi
672 1917 793 1972 fortasse
814 1937 869 1972 nou
892 1920 928 1973 ad
949 1918 1080 1973 amussim
1101 1918 1251 1986 dirigenda
1265 1924 1316 1981 est,

267 2012 294 2066 in
315 2012 474 2067 universum
495 2018 588 2066 tamen
611 2011 670 2065 sine
692 2011 778 2066 dubio
799 2028 864 2066 vera
884 2019 934 2066 est.
975 2012 1046 2065 Nam
1071 2011 1187 2066 Tacitus
1215 2006 1243 2065 in
1263 2011 1316 2066 hoc

266 2106 380 2177 dialogo
401 2111 509 2160 tantam
529 2105 597 2158 artis
619 2104 759 2159 oratoriae
780 2104 926 2159 scientiam
946 2122 1014 2176 prae
1045 2122 1074 2160 se
1104 2105 1167 2176 fert,
1200 2112 1231 2159 ut
1261 2123 1317 2160 om·

268 2199 343 2254 nium
364 2200 477 2255 testium
497 2199 582 2270 longe
602 2198 722 2268 optimus
742 2197 889 2254 habendus
909 2199 953 2254 sit.

346 2293 438 2350 Etiam
459 2299 524 2364 post
547 2294 710 2347 Ciceronem
732 2281 909 2349 numerorum
930 2301 1017 2348 artem
1039 2293 1141 2348 cultam
1163 2311 1232 2361 esse,
1256 2310 1319 2363 per-

268 2404 381 2441 suasum
403 2386 504 2444 habeo.
524 2449 528 2466 ⁵
545 2387 600 2443 Sed
621 2390 692 2442 haec
712 2405 756 2441 res
777 2406 840 2443 cum
860 2389 957 2459 paucis
987 2389 1099 2460 paginis
1122 2388 1230 2443 absolvi
1259 2404 1317 2442 non

270 2481 369 2566 possit,
390 2480 437 2535 alii
457 2481 617 2551 quaestioni
637 2488 680 2535 est
699 2482 877 2537 reservanda.

514 2727 1079 2754 mmm-
1105 2763 1107 2766 ι

271 3891 473 3902 ἰιι-ιιι...-

340 3978 363 4047 1)
381 3978 415 4031 ct.
443 3980 526 4033 etiarn
546 3978 650 4046 Quintil
673 3981 738 4035 inst.
762 3981 832 4035 rhet.
851 3977 934 4045 lxe,
951 3978 993 4048 63,
1016 3976 1063 4054 qui
1087 3980 1153 4036 dicit
1173 3975 1322 4032 clausulam

265 4063 289 4116 A
307 4062 393 4116 Bruto
413 4059 589 4134 displicuisse,

1046 4071 1049 4078 ι
