3000 4450
675 232 864 296 ..8-

239 419 301 458 cose
321 408 418 473 aptos,
443 409 626 472 praepostere
651 405 764 458 omnino
791 420 919 458 versuum
939 404 1081 459 clausulas
1102 404 1139 460 ab
1160 406 1295 461 orationis

239 496 373 551 clausulis
389 495 542 551 exclusisse
561 496 698 551 videatur.
736 497 845 563 Quodsi
866 497 937 567 quis,
959 504 989 551 ut
1008 497 1075 551 fecit
1088 498 1198 568 Wuest,
1220 499 1296 554 (lice-

238 589 315 644 ronis
335 589 422 644 rerba
442 589 479 644 ad
499 589 632 644 amussim
652 590 763 659 diriget,
782 595 872 644 totam
892 607 951 644 rem
971 590 1162 646 conturbabit.

316 681 380 737 Non
400 682 508 736 minore
528 681 639 737 incuria
652 681 844 748 Quintilianus
864 682 894 735 in
912 683 1069 752 praeceptis
1083 684 1184 738 dandis
1198 684 1293 739 utitur.

239 774 310 829 Nam
331 792 395 829 cum
415 775 536 829 trimetri
556 774 640 831 tinem
659 777 748 832 vitare
768 775 856 844 iubet,
876 791 934 829 non
954 774 1038 843 videt,
1059 794 1143 847 quam
1161 778 1295 852 frequens

239 868 275 921 sit
295 866 393 923 Cicero
413 868 443 921 in
467 868 551 923 huius
575 872 688 940 generis
712 871 854 926 clausulis.
895 870 980 939 Apud
1010 890 1095 944 quem
1123 889 1181 927 non
1211 875 1295 929 modo

239 961 365 1015 clausula
377 995 580 1025 ------
602 969 632 1016 ut
647 963 814 1023 videbimus.>
833 970 876 1017 est
889 963 1125 1034 frequentissima,
1146 966 1294 1021 sedetiam

239 1051 366 1108 clausula
385 1088 569 1107 -----
580 1097 587 1124 ,
618 1073 691 1127 quae
723 1057 809 1111 etiam
838 1056 964 1125 apertIus
988 1057 1107 1112 trimetri
1131 1057 1293 1129 rhythmum

238 1164 306 1217 prae
336 1166 366 1202 se
395 1147 458 1218 fert,
490 1151 543 1205 etsi
573 1150 660 1222 paulo
684 1151 784 1219 rarior,
816 1159 911 1204 tamen
936 1156 979 1204 est
1004 1152 1034 1204 in
1054 1168 1114 1206 usu.
1155 1151 1256 1225 Itaque
1276 1167 1294 1204 a

237 1246 337 1293 neutro
364 1239 464 1296 horum
488 1244 682 1313 adoptandum
707 1242 940 1313 estvquidquem,
965 1244 1041 1313 quod
1068 1261 1125 1297 non
1153 1260 1205 1297 usu
1226 1242 1292 1299 Cice
1316 1316 1320 1322 1

236 1332 313 1387 ronie
334 1336 541 1404 comprobetur.

313 1426 466 1496 Dionysius
491 1428 760 1498 Halicarnassensis,
791 1429 845 1483 etsi
874 1430 909 1483 de
937 1428 1127 1483 Demosthene
1156 1428 1293 1482 nonnulla

238 1517 325 1573 tradit
345 1521 593 1599 memorialdigna
615 1527 712 1576 tamen
731 1523 767 1576 de
788 1521 954 1575 Latinorum
974 1538 1090 1576 numero
1111 1521 1291 1591 disceptanti·

236 1608 290 1664 hus
309 1611 378 1666 nihil
399 1616 524 1683 prodest.
565 1613 608 1669 De
629 1614 832 1685 posterioribus
853 1615 1053 1684 grammaticis,
1074 1614 1123 1686 qui
1143 1614 1236 1669 obiter
1255 1616 1292 1669 de

235 1720 351 1760 numero
381 1707 603 1776 disputaverunt,
634 1707 670 1762 cf.
701 1724 775 1779 quae
806 1708 875 1762 dixit
901 1707 1000 1762 Wuest
1030 1702 1062 1778 (l.
1091 1710 1111 1763 l.
1137 1725 1203 1780 pag.
1230 1704 1289 1777 10).

236 1798 308 1852 Sunt
327 1807 422 1855 autem
443 1802 472 1856 hi
492 1802 577 1873 plane
596 1801 679 1857 nobis
701 1803 873 1873 negligendi,
905 1802 971 1873 quia
1000 1819 1061 1856 non
1084 1820 1165 1856 usum
1192 1817 1291 1856 consu·

234 1889 357 1960 luerunt,
376 1894 425 1948 sed
447 1895 590 1951 Ciceronis
610 1904 763 1967 praecepta
784 1903 982 1952 exaraverunt.

727 2234 742 2295 s
768 2235 794 2287 a.

237 2341 350 2444 Quid
381 2371 406 2425 a
442 2344 648 2426 Cicerone
680 2355 722 2425 et
742 2342 997 2446 Quintiliano
1029 2345 1081 2425 de
1113 2370 1290 2426 numero

521 2498 730 2595 doceatur,
768 2498 1001 2603 exponitur.

309 2648 528 2719 Inspicientibus
549 2649 631 2705 nobis
652 2656 776 2704 veterum
797 2650 959 2705 testimonia
985 2649 1080 2705 statim
1101 2650 1233 2713 occurrit,
1260 2650 1289 2703 in

233 2757 291 2797 una
309 2749 418 2797 tantum
438 2761 469 2798 re
489 2760 537 2798 eos
558 2742 702 2798 uberiores
723 2760 786 2798 esse
805 2744 974 2813 praeceptis.
1002 2743 1074 2798 Fere
1093 2744 1190 2797 omnia
1205 2743 1289 2809 enim,

234 2851 307 2905 quas
327 2836 533 2907 praescribunt,
555 2854 629 2908 quae
648 2824 761 2908 quidem
782 2845 916 2892 accurata
935 2844 964 2890 et
984 2837 1117 2891 distincte
1138 2853 1189 2889 nec
1203 2834 1288 2890 nimis
1370 2863 1373 2866 ν

231 2934 263 2989 in
283 2928 442 2983 universum
463 2931 538 2985 dicta
559 2930 624 2998 sint,
645 2931 682 2984 ad
696 2929 853 2985 clausulam
867 2929 1017 2999 pertinent.
1047 2928 1149 3000 ltaque
1168 2944 1289 2998 aequum

233 3027 277 3074 est
297 3019 334 3075 ab
354 3023 406 3076 bac
426 3024 522 3092 ordiri,
541 3031 582 3091 ut,
602 3023 630 3077 in
650 3038 707 3093 quo
727 3022 857 3076 insistere
875 3022 1025 3092 possimus,
1045 3020 1210 3077 habeamus.

311 3113 457 3169 Clausulas
488 3117 614 3186 singulas
644 3115 845 3184 Quintilianus,
879 3122 1029 3186 postquam
1063 3113 1208 3185 praefatus
1241 3123 1285 3168 cst

233 3206 328 3278 aliqua
348 3208 429 3262 nimis
449 3210 596 3279 generalia
616 3208 844 3264 deformatione
870 3209 1067 3272 clausularum,
1099 3225 1172 3278 qnae
1202 3208 1287 3263 nobis

233 3299 304 3354 nihil
324 3309 452 3370 prosunt,
478 3302 545 3356 lude
565 3319 582 3357 a
601 3300 644 3355 IX
664 3302 691 3368 4,
712 3303 748 3356 95
770 3309 928 3365 enumerat,
960 3318 1043 3372 quem
1066 3302 1160 3356 locum
1180 3301 1289 3355 omissis

233 3391 365 3448 inanibus
386 3394 517 3449 exarabo.
1031 3387 1033 3391 Α

312 3487 377 3555 ,,95.
397 3486 497 3541 Potest
510 3495 604 3541 tamen
617 3487 660 3541 vel
669 3504 741 3540 unus
753 3504 814 3542 esse
824 3487 989 3551 dichoreus;
1009 3528 1133 3544 .....
1155 3488 1199 3543 96.
1212 3487 1290 3540 item·

233 3595 308 3650 „que
330 3597 432 3650 paean,
452 3579 502 3651 qui
522 3586 565 3635 est
585 3597 622 3635 ex
641 3579 745 3636 choreo
766 3587 796 3635 et
817 3580 988 3650 pyrrhichio,
1014 3598 1098 3651 quem
1119 3588 1216 3651 aptum
1236 3579 1288 3633 ini-

234 3673 300 3742 „tiis
321 3679 430 3743 putant,
451 3675 495 3727 vel
515 3682 624 3744 contra,
643 3675 693 3745 qui
712 3680 756 3729 est
775 3692 791 3726 e
810 3673 901 3727 tribus
921 3673 1055 3728 brevibus
1075 3679 1102 3727 et
1121 3673 1218 3744 longa,
1243 3672 1289 3727 cui

235 3767 410 3836 „clausulam
436 3767 594 3838 assignant;
625 3769 660 3822 de
690 3766 794 3838 quibus
818 3766 878 3821 fere
903 3764 1014 3821 duobus
1034 3766 1185 3837 scriptores
1204 3764 1287 3819 huius

234 3859 323 3928 „artis
342 3859 496 3930 loquuntur
515 3900 638 3919 .....
673 3862 719 3918 97.
739 3861 792 3914 Est
811 3869 840 3916 et
861 3860 1016 3930 dochmius,
1037 3899 1159 3917 .....
1179 3857 1289 3914 stabilis

234 3952 282 4021 „in
302 3952 436 4008 clausulis
455 3962 485 4009 et
504 3970 626 4010 severus.
666 3955 814 4025 Spondeus
836 3970 957 4025 quoque,
988 3970 1044 4024 quo
1069 3952 1219 4024 plurimum
1244 3958 1309 4018 est,

233 4045 457 4113 „Demosthenes
477 4065 554 4118 usus,
574 4065 632 4103 non
652 4049 749 4103 eodem
770 4049 853 4103 modo
874 4064 984 4117 semper
1004 4065 1035 4102 se
1054 4046 1155 4116 habet3
1183 4046 1287 4117 optime
