3000 4450
643 232 833 292 -7...

212 411 283 462 orat.
304 407 350 460 III
371 400 447 473 183).
487 403 521 458 Iu
542 403 585 458 his
606 404 658 459 etsi
679 405 750 460 duas
770 423 815 460 res
835 405 968 469 diversas,
989 422 1134 460 numerum
1155 414 1185 462 et
1203 424 1268 463 con·
1301 406 1303 409 ’

211 500 383 567 cinnitatem,
404 497 503 552 miscet
523 505 551 552 et
571 498 730 566 conturbat,
751 504 846 555 tomen
866 498 997 554 nonnihil
1017 517 1053 552 ex
1073 499 1106 553 iis
1126 499 1267 558 discimus.

286 594 404 649 Secutus
424 598 467 646 est
490 588 653 649 Ciceronem
673 594 865 660 Quintilianus
885 590 960 661 (inst.
986 595 1057 647 rhet.
1079 592 1123 647 IX
1145 589 1191 669 4),
1219 595 1268 666 qui

213 702 382 757 quamquam
403 685 431 738 in
452 685 612 739 universum
632 686 715 740 nimis
734 686 866 756 religiose
883 693 1027 742 auctorem
1042 703 1122 740 suum
1137 687 1265 758 sequitur

210 784 303 834 tamen
325 796 358 832 ex
378 764 431 833 sua
450 779 623 848 experientia
642 797 735 850 pauca
755 780 871 848 addidit,
892 781 948 835 alia
968 780 1101 838 correxit.

286 870 330 923 Ne
350 871 412 941 quis
438 877 531 926 autem
558 879 683 927 veterum
712 872 795 928 dictis
819 873 934 928 nimium
964 872 1084 939 tribuat,
1114 872 1266 942 adiungam

211 964 349 1032 quaedam
370 979 466 1018 eorum
486 971 647 1036 praccepta,
669 983 741 1036 quae
762 972 860 1036 aperte
876 966 1036 1022 falsarunt
1070 965 1155 1021 Velut
1167 963 1267 1021 Cicero

209 1061 281 1112 orat.
302 1056 318 1117 6
337 1057 393 1111 218
414 1057 494 1113 dicit:
515 1057 689 1126 „Dochmius
703 1065 796 1114 autem
818 1060 916 1131 quovis
936 1060 999 1114 loeo
1020 1066 1102 1129 aptus
1123 1063 1180 1126 est,
1201 1059 1267 1114 dum

210 1148 321 1217 „semel
342 1155 478 1219 ponatur;
504 1150 621 1206 iteratus
649 1158 697 1205 aut
722 1152 902 1206 continuatus
922 1168 1067 1206 numerum
1090 1157 1219 1221 apertum
1239 1158 1269 1205 et
1300 1164 1302 1169 ·

208 1240 310 1310 „nimis
330 1241 469 1312 insignem
489 1239 588 1298 facit.“
627 1244 716 1310 Haec,
735 1245 758 1298 si
773 1251 906 1300 accurate
920 1244 1093 1315 inspicimus,
1114 1248 1268 1313 praecepta

209 1341 274 1389 sunt
293 1336 363 1401 du0;
384 1342 434 1390 aut
454 1337 526 1389 enim
541 1334 655 1390 iteraria
671 1343 702 1391 ut
715 1337 872 1391 continuari
886 1343 979 1407 potest
992 1336 1146 1391 dochmius.
1181 1336 1269 1390 Itera-

208 1432 269 1492 tur,
294 1428 317 1480 si
336 1428 448 1484 duabus
468 1428 498 1482 in
518 1428 650 1484 clausulis
671 1428 744 1485 inter
765 1446 795 1483 se
818 1429 1002 1500 sequentibus
1025 1429 1152 1499 ponitur3
1179 1427 1268 1484 conti·

208 1525 327 1590 nuatur,
354 1520 376 1574 si
401 1539 458 1577 uno
484 1509 640 1594 sudemque
664 1523 726 1578 loco
750 1521 863 1595 syllaba
887 1523 967 1577 nulla
990 1523 1181 1579 intercedente
1210 1523 1267 1576 duo

208 1621 352 1685 ponuntur
381 1613 513 1670 dochmii.
554 1617 732 1687 Quamquam
762 1615 902 1687 suspicor,
931 1616 985 1670 hoc
1012 1616 1076 1670 loco
1103 1615 1267 1670 Ciceronem

211 1705 296 1763 verbo
316 1708 438 1763 iterandi
458 1708 528 1762 nihil
549 1709 624 1763 aliud
645 1710 803 1780 exprimere
823 1709 944 1763 voluisse
965 1725 1050 1779 quam
1070 1706 1155 1762 verbo
1181 1705 1268 1760 conti-

209 1802 326 1857 nuandi.
366 1805 473 1857 Horum
507 1808 656 1872 utrumque
689 1801 750 1856 fieri
784 1802 880 1856 Cicero
914 1807 998 1857 votat.
1038 1801 1196 1869 Utrumque
1225 1796 1267 1855 fit.

208 1894 329 1949 Iteratos
354 1895 466 1964 quidem
492 1892 635 1949 dochmios
660 1901 759 1949 extare
784 1894 885 1949 multos
911 1893 986 1948 infra
1006 1892 1168 1948 videbimus.
1211 1889 1268 1949 Sed

209 1988 294 2042 etiam
314 1987 469 2042 continuat-i
489 2005 546 2042 non
567 1989 675 2043 desunt.
716 1985 761 2042 Of.
782 1987 812 2040 II
834 1986 914 2041 Catil.
935 1987 961 2039 V
982 1988 1014 2041 9:
1044 1984 1160 2039 libidine
1181 1983 1267 2037 auda·

209 2081 310 2151 niaque
324 2085 512 2144 consumeret;
527 2080 571 2134 III
583 2079 655 2135 Phil.
671 2079 712 2135 VI
727 2081 777 2135 16:
799 2086 865 2133 tuae
879 2079 1016 2149 coniugis,
1036 2077 1130 2133 bonae
1144 2075 1267 2128 feminae

209 2167 278 2245 (quo
298 2190 415 2229 numero
436 2173 505 2227 nihil
524 2179 618 2243 potest
638 2189 699 2227 esse
715 2171 849 2243 apertius,
870 2190 932 2227 cum
947 2171 1051 2242 singuli
1064 2168 1187 2224 dochmii
1201 2168 1265 2234 sint,

130 2318 133 2321 ,
208 2274 240 2321 ut
260 2268 366 2322 metrici
389 2268 495 2337 dicunt,
516 2262 732 2346 ὑπόρρυθμοι,
753 2268 770 2321 i.
792 2284 817 2323 e.
832 2267 991 2323 coincidunt
1003 2264 1074 2320 fines
1087 2265 1190 2336 pedum
1204 2279 1267 2317 cum

210 2359 357 2418 verborum
382 2357 509 2426 finibus).
549 2361 627 2415 Nihil
650 2361 736 2431 igitur
760 2360 942 2431 relinquitur,
967 2360 1020 2414 nisi
1046 2363 1078 2413 ut
1105 2357 1267 2411 Ciceronem

210 2459 258 2508 aut
278 2454 333 2508 hoc
353 2460 534 2524 praeceptum
555 2472 592 2507 ex
612 2453 705 2523 aliquo
720 2453 830 2509 Graeco
852 2458 967 2507 auctore
987 2457 1092 2506 temere
1106 2447 1268 2505 exaravisse

215 2553 265 2600 aut
284 2547 318 2600 de
339 2564 389 2601 suo
409 2548 497 2617 ipsius
517 2566 570 2603 usu
583 2566 683 2618 parum
698 2554 831 2603 accurate
846 2547 951 2602 dixisse
965 2545 1140 2602 arbitremur.
1175 2544 1266 2609 Quam

110 2699 112 2702 ,
211 2657 296 2711 quam
316 2641 407 2695 inesse
427 2641 534 2712 aliquid
555 2643 611 2696 veri
631 2643 716 2697 etiam
737 2642 766 2697 in
780 2643 835 2696 hoc
848 2646 1000 2711 praecepto
1013 2638 1088 2694 infra
1101 2636 1266 2692 videbimus.

210 2731 248 2787 Et
267 2738 335 2803 puto
356 2734 470 2800 omnino
492 2734 634 2792 Ciceronis
654 2736 783 2806 regulas,
810 2734 917 2788 etiamsi
942 2732 1033 2788 falsae
1057 2737 1138 2793 sunt,
1163 2735 1266 2795 tamen,

211 2827 361 2883 dummodo
386 2833 463 2883 recte
487 2843 536 2881 eas
560 2828 789 2897 interpretemur,
815 2843 925 2897 semper
949 2825 1056 2896 aliquid
1081 2825 1118 2878 ad
1142 2827 1267 2877 nostram

211 2918 357 2974 scientiam
377 2937 461 2989 posse
482 2919 620 2975 conferre.

288 3010 365 3065 Idem
388 3011 484 3066 Cicero
505 3029 633 3065 versuum
653 3012 734 3065 initia
753 3011 881 3067 extremis
902 3007 932 3078 (i.
954 3029 979 3064 e.
1000 3003 1145 3074 clausulis)
1167 3004 1268 3061 oratio·

212 3100 256 3154 nis
277 3109 345 3171 apta
364 3120 426 3157 esse
447 3103 528 3168 dicit,
554 3121 681 3158 versuum
707 3110 829 3159 extrema
855 3105 941 3160 initiis
966 3104 1113 3167 orationis;
1139 3116 1267 3156 versuum

213 3198 340 3248 extrema
360 3201 460 3249 contra
480 3195 509 3249 in
531 3196 665 3250 orationis
691 3197 826 3251 clnusulis
849 3198 917 3269 puni
941 3203 1025 3253 vetat.
1065 3195 1145 3261 Quae
1168 3193 1268 3263 regula

212 3302 275 3340 cum
297 3284 546 3343 Ciceronianarum
567 3290 724 3346 orationum
745 3308 807 3353 usu,
829 3296 859 3344 ut
880 3290 1048 3357 videbimus,
1068 3289 1180 3343 minime
1201 3302 1267 3341 con·

211 3380 294 3434 venit.
328 3380 392 3434 Hoc
412 3388 520 3436 tantum
540 3400 633 3437 verum
648 3390 699 3452 est,
719 3383 1007 3454 frequentissimorum
1021 3398 1159 3448 versuum,
1180 3377 1267 3433 hexa-

211 3473 291 3527 metri
312 3479 340 3527 et
359 3474 540 3543 pentametri,
565 3476 652 3529 exitus
678 3476 776 3531 evitari
801 3478 892 3530 solere
915 3476 944 3530 in
970 3475 1111 3530 clausulis.
1153 3472 1208 3527 Sed
1230 3488 1266 3525 ne

210 3567 238 3620 in
259 3567 400 3621 senarium
421 3568 533 3637 quidem
553 3568 625 3622 haec
644 3569 744 3639 regula
759 3570 889 3638 quadrat,
909 3569 1013 3638 nedum
1027 3568 1055 3620 in
1070 3583 1164 3619 versus
1178 3563 1267 3622 rario-

121 3737 122 3740 Ἴ
210 3675 265 3722 res,
286 3678 309 3715 e.
324 3678 355 3715 c.
375 3659 546 3730 phalaeceos
567 3661 609 3714 vel
630 3659 885 3730 hendecasyllabos
900 3658 1057 3730 Sapphicos
1077 3659 1120 3713 vel
1134 3657 1267 3713 choliam·

210 3751 279 3821 bos3
304 3753 388 3808 immo
417 3755 517 3808 horum
549 3754 639 3808 exitus
668 3755 697 3808 in
729 3754 837 3812 deliciis
867 3754 1027 3808 habuerunt
1057 3758 1085 3806 et
1111 3751 1209 3806 Cicero
1233 3759 1268 3808 ¹et

192 3828 312 3900 'Graeci
334 3839 416 3916 (quos
438 3847 550 3918 quidem
577 3840 749 3917 noverimus)
776 3852 901 3901 oratores
926 3863 1032 3901 omnes.
1072 3845 1172 3915 Itaque
1198 3844 1266 3899 mihi

209 3938 265 3993 hoc
288 3945 472 4010 praeceptum
496 3942 563 3996 inde
589 3948 680 3995 ortum
707 3958 769 3996 esse
794 3942 916 4009 videtur,
946 3944 1021 4011 quod
1045 3942 1141 3994 rhetor
1170 3938 1266 3994 nescio

210 4023 296 4100 quis,
311 4048 373 4086 cum
397 4032 504 4089 videret
528 4034 686 4110 hexametri
711 4042 739 4090 et
763 4035 932 4106 pentametri
952 4035 1046 4089 exitus
1066 4031 1188 4088 orationi
1207 4047 1266 4085 non
