3000 4450
275 1041 405 1143 Veteres
424 1104 526 1159 prosae
547 1088 696 1159 scriptores
718 1084 780 1143 cum
801 1105 932 1160 magnam
958 1086 1093 1142 orationis
1118 1093 1253 1142 externae

201 1181 310 1237 formae
330 1198 444 1252 operam
465 1182 595 1236 dederint
608 1182 752 1253 multoque
765 1183 909 1251 maiorem,
931 1197 1015 1252 quam
1029 1179 1155 1251 plerique
1168 1178 1253 1232 hodie

200 1276 326 1344 cogitare
345 1274 448 1343 solent,
475 1292 597 1349 aequum
620 1276 729 1330 videtur
756 1277 785 1330 in
805 1275 926 1330 formam
946 1275 1022 1344 apud
1042 1274 1186 1346 prosaicos
1206 1272 1254 1327 vix

200 1368 292 1421 minus
312 1365 462 1436 diligenter
481 1369 622 1439 inquirere
643 1386 725 1441 quam
747 1370 822 1439 apud
842 1374 941 1439 poetas
961 1367 1016 1421 iam
1037 1366 1146 1437 pridem
1158 1364 1253 1420 facere

200 1460 401 1514 consuevimus.
443 1460 499 1515 Sed
520 1478 582 1515 cum
602 1461 642 1516 rei
664 1461 796 1516 metricae
815 1460 896 1521 multi
916 1458 966 1514 viri
987 1459 1063 1513 docti
1088 1457 1253 1523 studuerint,

201 1570 237 1607 ea
255 1553 349 1608 studia
369 1569 442 1624 quae
463 1555 498 1608 ad
518 1570 664 1607 numerum
685 1553 839 1608 oratorium
851 1551 1014 1627 pertinent,
1040 1567 1129 1621 usque
1149 1550 1185 1605 ad
1204 1548 1254 1603 ho·

200 1646 328 1700 diernum
347 1652 459 1716 tempus
479 1644 539 1700 fere
558 1647 691 1716 neglecta
710 1645 868 1702 iacuerunt.
901 1644 1000 1715 Neque
1016 1643 1088 1698 mira
1099 1642 1167 1696 mihi
1181 1642 1254 1696 vide·

200 1748 247 1793 tur
271 1738 344 1793 haec
368 1739 490 1792 virorum
516 1738 664 1793 doctorum
687 1737 770 1807 fuga;
795 1737 882 1792 multo
910 1737 983 1791 enim
1006 1735 1134 1808 pluribus
1163 1735 1193 1790 in
1222 1752 1253 1788 re

197 1832 316 1887 metrica
339 1831 507 1886 adiumentis
533 1830 678 1901 multoque
702 1831 832 1901 pluribus
862 1836 985 1885 veterum
1016 1827 1184 1883 testimoniis
1214 1827 1255 1882 uti

199 1924 273 1981 licet.
340 1910 342 1916 ,

275 2016 321 2071 De
339 2034 457 2072 numero
478 2035 515 2071 ex
534 2015 675 2072 veteribus
695 2016 755 2071 iere
775 2034 848 2071 unus
870 2015 968 2071 Cicero
987 2033 1040 2069 nos
1060 2017 1154 2078 docet;
1179 2030 1253 2083 nam,

199 2116 229 2164 ut
258 2115 368 2165 taceam
393 2111 429 2165 de
455 2109 567 2164 serioris
592 2110 654 2164 aeri
678 2109 882 2179 grammaticis,
907 2126 941 2164 ea
968 2124 1041 2180 quae
1064 2107 1254 2175 Quintilianus

200 2201 290 2273 affert,
310 2219 409 2274 parum
423 2203 531 2259 habent
543 2202 664 2269 fructum
686 2204 816 2276 Dionysii
830 2202 1088 2260 Halicarnassensis
1101 2209 1255 2274 praecepta

198 2302 308 2351 tantum
328 2280 494 2352 de'Graecis
514 2297 609 2352 valent
628 2304 656 2351 et
675 2296 735 2352 fere
756 2297 838 2351 nimis
858 2297 887 2352 in
907 2297 1067 2351 uuiversum
1086 2294 1253 2351 dictasunt.

202 2387 258 2442 Sed
278 2397 372 2444 tamen
393 2391 417 2444 si
436 2408 454 2445 a
473 2389 611 2446 Cicerone
631 2389 841 2461 proficiscimur,
863 2390 995 2461 quoniam
1015 2389 1102 2448 huius,
1112 2387 1254 2442 orationes

186 2499 264 2542 'cum
284 2483 441 2554 praeceptis
461 2482 498 2538 ab
518 2483 581 2553 ipso
601 2483 674 2537 datis
695 2499 860 2553 comparare
880 2482 955 2550 licet,
974 2487 1062 2538 totam
1082 2482 1118 2535 de
1137 2495 1253 2535 numero

201 2576 367 2631 Latinorum
388 2576 581 2647 quaestionem
600 2575 745 2647 profligari
759 2593 842 2647 posse
856 2592 912 2631 non
926 2575 1042 2631 dubium
1055 2573 1122 2629 mihi
1135 2574 1253 2629 ridetur.

280 2669 401 2725 Necesse
420 2676 463 2723 est
483 2677 576 2725 autem
596 2677 662 2724 ante
679 2656 791 2738 omnia,
805 2678 834 2724 ut
847 2668 973 2739 singulas
986 2687 1031 2725 res
1043 2684 1128 2740 quam
1141 2682 1256 2721 accurs·

201 2764 308 2818 tissime
327 2780 552 2833 percenseamus.
586 2763 624 2817 Ut
645 2764 718 2817 enim
738 2781 784 2816 res
796 2762 913 2817 metrica
925 2762 1112 2817 recentiorum
1125 2759 1255 2832 profecta

201 2863 243 2910 est
264 2873 281 2911 a
301 2856 474 2927 singularum
494 2872 587 2910 rerum
608 2854 821 2926 diligentissima
840 2855 1088 2925 pervestigatione,
1112 2854 1153 2909 ita
1171 2852 1253 2908 nobis

201 2964 312 3019 qnoque
331 2948 359 3002 in
380 2964 426 3003 res
446 2949 567 3004 minutas
587 2946 681 3018 atque,
701 2955 732 3003 ut
753 2948 848 3003 multis
867 2948 988 3004 fortasse
1007 2948 1184 3013 videbuntur,
1205 2964 1253 3017 pu·
1288 3009 1294 3018 ι

201 3042 280 3095 sillas
306 3044 476 3097 descendere
500 3060 615 3097 necesse
643 3051 694 3096 est.
734 3044 799 3097 Hoc
825 3042 953 3099 officium
979 3044 1085 3115 primus
1114 3042 1254 3114 praestitit

123 3205 129 3212 ¹
204 3132 344 3204 Georgius
356 3135 459 3190 Wusst
472 3135 669 3190 dissertatione
683 3152 757 3206 quae
770 3119 944 3193 inscribitur:
964 3138 1009 3192 De
1023 3136 1149 3194 clausula
1160 3137 1254 3193 rheto-

201 3226 262 3281 rica
282 3243 355 3297 quae
374 3227 519 3299 praecepit
540 3227 638 3282 Cicero
660 3237 798 3298 quatenus
822 3230 852 3284 in
871 3231 1047 3290 orationibus
1071 3237 1183 3285 secutus
1207 3231 1253 3301 sit,

201 3321 385 3392 Argentorati
407 3320 490 3377 1881.
529 3320 618 3375 Multa
637 3321 683 3377 hic
703 3329 780 3378 recte
800 3326 942 3394 exposuit3
964 3341 1027 3379 cum
1048 3331 1141 3379 antem
1160 3340 1253 3395 neque

201 3413 304 3481 omnia,
325 3431 398 3484 quae
418 3413 509 3482 affert,
528 3414 688 3486 approbare
701 3416 806 3487 possim
820 3433 912 3488 neque
924 3424 1013 3473 totam
1027 3416 1101 3472 hanc
1115 3415 1255 3488 quaestio·

199 3524 265 3562 nem
284 3508 332 3562 ille
351 3509 393 3563 vir
412 3510 511 3564 doctus
531 3509 693 3578 absolverit,
714 3510 820 3582 quippe
839 3513 889 3582 qui
908 3512 960 3572 soli
981 3512 1124 3567 clausulae
1137 3527 1253 3582 operam

200 3601 321 3665 dederit,
348 3609 443 3668 cetera
468 3620 542 3673 quac
566 3605 602 3658 ad
629 3621 775 3659 numerum
799 3604 954 3675 pertinent,
979 3605 1063 3676 plane
1087 3604 1252 3675 seposuerit,

199 3709 257 3749 non
277 3693 399 3750 alienum
419 3696 486 3752 mthi
507 3683 614 3751 videtur
633 3697 663 3750 in
683 3697 801 3752 eundem
822 3714 881 3753 rem
901 3698 995 3755 denuo
1007 3698 1158 3771 inquirere.
1196 3699 1253 3755 Ita·

201 3801 255 3854 que
273 3787 408 3857 primum,
431 3789 499 3860 quid
524 3807 558 3844 ex
577 3797 701 3845 veterum
722 3789 889 3845 testimoniis
909 3791 1018 3846 fructus
1039 3792 1134 3862 colligi
1154 3792 1251 3862 possit,

200 3895 353 3948 exponam
387 3881 488 3936 deinde
521 3882 558 3937 ad
591 3882 668 3952 ipsas
700 3882 842 3937 orationes
871 3884 1080 3953 percensendas
1109 3883 1251 3949 transibo;

112 3967 132 3979 ‘
199 3978 341 4039 postremo
374 3973 449 4028 unde
481 3972 619 4029 Cicerone
657 3991 788 4030 numeros
833 3976 1015 4046 assumpserit
1058 3977 1251 4031 demonstrare

199 4062 332 4121 conabor.
