3000 4450
324 1447 503 1504 Horrendum
533 1468 601 1503 sane
631 1467 789 1518 numerum,
824 1447 991 1520 praesertim
1020 1463 1083 1501 cum
1112 1444 1303 1511 Quintilianus

247 1536 385 1609 adiungat
406 1540 433 1606 (ἓ
455 1540 534 1610 109)
557 1543 636 1611 „Nec
656 1559 720 1613 ego,
741 1560 804 1596 cum
825 1543 1026 1613 praecedentes
1047 1540 1133 1609 pedes
1153 1538 1244 1608 posui,
1264 1538 1302 1591 le·

246 1646 311 1697 gem
331 1632 404 1700 dedi,
434 1651 470 1689 ne
491 1636 538 1689 alii
558 1631 680 1690 essent.“
719 1636 788 1701 Quis
818 1636 905 1704 igitur
933 1634 1037 1705 poterit
1066 1649 1122 1686 non
1153 1618 1302 1686 numerose

247 1723 361 1779 dicere?
382 1726 437 1782 Sed
458 1729 481 1782 si
502 1730 663 1784 accuratius
682 1729 857 1800 inquirimus,
879 1729 1050 1782 inveniemus
1071 1743 1216 1780 nnmerum
1234 1724 1304 1795 legi-

185 1808 188 1812 4
246 1815 376 1872 timarum
397 1821 587 1876 clausularum
607 1822 695 1877 multo
715 1822 851 1876 minorem
871 1839 934 1875 esse
964 1838 1048 1891 quam
1078 1819 1167 1889 primo
1198 1816 1301 1872 obtutu

245 1919 393 1980 appareat.

323 2004 447 2059 Primum
467 2009 570 2062 multas
585 2007 775 2073 Quintilianus
796 2007 857 2077 ipse
877 2006 1019 2077 improbat
1032 2005 1075 2058 vel
1090 2005 1161 2060 alias
1175 2003 1209 2057 iis
1222 2019 1302 2073 prae·

245 2095 377 2153 ferendas
397 2117 459 2154 esse
478 2102 555 2157 dicit.
596 2101 707 2157 Deinde
728 2103 765 2156 de
784 2102 927 2155 nonnullis
949 2100 1069 2168 dubitat,
1101 2117 1138 2153 an
1168 2097 1205 2151 ab
1236 2096 1299 2150 aliis

246 2207 304 2245 non
324 2191 464 2248 differant.
485 2195 594 2250 Pendet
615 2193 670 2250 hoc
690 2211 723 2250 ex
743 2194 794 2250 illa
804 2194 978 2266 quaestione,
998 2200 1091 2247 utrum
1111 2191 1226 2247 ultimae
1240 2188 1303 2245 bre·

246 2302 293 2338 ves
323 2304 374 2355 pro
404 2288 497 2357 longis
527 2288 675 2343 habendae
704 2290 760 2343 sint
791 2306 887 2342 necne.
932 2288 1012 2354 Quod
1044 2286 1144 2341 Cicero
1176 2284 1300 2339 affirmat

246 2369 332 2447 (orat.
353 2380 369 2441 ἓ
389 2379 468 2447 211),
489 2382 679 2446 Quintilianus
700 2388 788 2452 negat
809 2374 865 2449 (IX
884 2381 912 2449 4,
934 2375 992 2450 93).
1020 2378 1218 2445 Quintilianus,
1238 2394 1301 2432 cum

244 2472 330 2540 paulo
350 2470 440 2527 insius
461 2474 515 2528 hac
536 2475 571 2528 de
590 2492 622 2528 re
643 2476 772 2539 disserat,
795 2474 900 2545 aliquid
921 2472 1014 2526 dicere
1035 2472 1153 2526 videtur.
1194 2471 1301 2525 Tamen

244 2581 297 2619 usu
320 2565 461 2621 Ciceronis
483 2568 616 2637 adducor,
649 2573 680 2622 ut
699 2566 781 2621 huius
802 2565 983 2636 comprobem
1005 2565 1181 2619 sententiam.
1221 2564 1300 2617 Idem

244 2659 373 2712 Wuestio
403 2659 521 2722 videtur,
552 2660 600 2729 qni
630 2660 659 2712 in
684 2659 759 2714 hanc
783 2677 842 2713 rem
868 2658 1020 2712 studiosius
1042 2657 1182 2728 inquisivit
1204 2651 1302 2727 (pagg.

246 2749 379 2821 15-18).
413 2751 505 2807 'Vides
532 2754 618 2823 igitur
641 2754 743 2808 multas
764 2752 931 2819 Quintiliani
962 2752 1101 2807 clausulas
1131 2751 1213 2806 nobis
1244 2767 1301 2805 non
1324 2790 1326 2793 ι

245 2862 308 2901 esse
327 2850 525 2901 numerandos.

321 2940 409 2995 Porro
430 2941 537 3008 auxilio
558 2940 640 2994 nobis
671 2942 746 2995 venit
777 2942 820 2994 lex
850 2940 989 3011 quaedam
1010 2939 1164 3001 Ciceronis,
1195 2946 1224 2992 et
1252 2938 1302 2993 illa

247 3034 366 3104 quidem,
398 3040 428 3088 nt
448 3034 565 3100 videtur,
592 3052 633 3089 ex
653 3035 754 3104 peritia
773 3034 861 3104 ipsius
889 3034 977 3103 petita
998 3031 1080 3099 (orat.
1103 3025 1180 3100 215).
1221 3031 1302 3086 Dicit

246 3127 335 3181 enim:
366 3126 440 3193 „Sed
460 3127 511 3181 hos
532 3145 594 3181 cum
615 3127 644 3181 in
665 3128 797 3182 clausulis
817 3128 904 3198 pedes
930 3127 1054 3190 nomino,
1083 3141 1141 3180 non
1172 3125 1235 3179 dico
1265 3124 1301 3177 de

245 3237 321 3287 „uno
342 3220 414 3289 pede
434 3226 569 3274 extremo.
610 3219 755 3289 Adiungo,
786 3222 861 3290 quod
892 3221 1036 3274 minimum
1066 3220 1112 3285 sit,
1141 3218 1300 3288 proximum

246 3312 448 3382 „superiorem
478 3329 563 3381 saepe
588 3312 672 3367 etiam
698 3309 839 3367 tertium.“
879 3313 919 3366 Ex
949 3329 1005 3383 qno
1035 3318 1177 3382 apparet„
1195 3310 1301 3365 formas

246 3400 367 3472 6),11)‚
390 3398 447 3472 12),
471 3401 527 3473 13),
551 3397 608 3474 16),
631 3397 689 3474 11),
713 3399 762 3474 19)
784 3405 925 3459 clausulas
946 3422 997 3474 per
1017 3422 1047 3458 se
1061 3421 1122 3458 esse
1137 3420 1193 3458 non
1207 3419 1300 3473 posse.

322 3498 433 3551 Deinde
453 3498 606 3552 nonnullae
626 3497 733 3552 formae
753 3499 794 3553 ita
813 3498 1007 3552 conformatae
1026 3506 1100 3566 sunt,
1131 3503 1163 3550 ut
1189 3514 1221 3549 ex
1241 3495 1301 3564 plu-

243 3590 322 3645 ribus
343 3607 427 3644 unam
447 3597 557 3646 tantum
576 3592 717 3663 respicere
737 3609 808 3663 opus
829 3593 873 3647 sit.
902 3595 965 3647 Hoc
986 3609 1023 3646 ex
1043 3592 1206 3663 generibus,
1226 3607 1300 3660 quae

245 3682 449 3751 constituimus,
470 3681 501 3738 fit
521 3685 589 3738 satis
610 3685 727 3740 clarum.

321 3775 509 3831 Transeamus
530 3794 596 3831 num
617 3778 654 3832 ad
674 3776 818 3832 Ciceronis
840 3779 979 3847 exempla.
1018 3777 1074 3831 Hic
1099 3783 1197 3831 namot
1217 3769 1300 3846 (orat

243 3870 300 3926 213
321 3864 376 3940 sq.)
399 3871 428 3927 C.
452 3871 609 3926 Carbonem
630 3871 783 3943 aliquando
804 3888 889 3926 unam
910 3872 1078 3926 sententiam
1098 3872 1152 3926 hac
1172 3870 1301 3925 clausula

243 3961 449 4017 terminavisse:
474 3964 646 4033 persolutas;
672 3965 830 4034 proximam
850 3964 917 4019 hac:
944 3964 1152 4033 comprobarit;
1183 3964 1238 4017 hoc
1258 3964 1300 4017 di·

245 4053 349 4108 choreo
369 4061 477 4110 tantum
498 4057 650 4113 clamorem
670 4059 812 4113 contionis
833 4059 987 4113 excitatum
1019 4076 1089 4127 esse,
1120 4066 1151 4113 ut
1181 4059 1300 4113 admira-
